1802 3010
1533 283 1557 326 [0

1564 284 1590 327 0(

1598 283 1625 327 &1

643 283 1017 333 APPENDIX
1049 283 1119 330 II.

649 418 901 464 Posxums,
926 418 962 456 3.
988 418 1024 454 4.
1054 417 1114 455 13.

192 494 274 532 AG.
309 492 511 540 Vidistis,
533 491 629 530 leno
648 503 776 541 quom
797 490 949 528 aurum
969 489 1167 539 accepit?
1221 489 1306 527 AD.
1341 487 1553 526 Vidimus.

192 547 274 585 AG.
309 545 419 584 Eum
440 558 515 583 vos
534 557 676 583 meum
697 556 788 582 esse
808 556 972 581 servom
994 542 1126 581 scitis.
1188 542 1273 580 AD.
1308 540 1532 581 Scivimus.

191 601 275 638 AG.
309 599 419 638 Rem
438 598 646 637 advorsus
664 596 813 648 populi
834 597 859 640 †
879 609 1004 647 saepe
1023 595 1138 646 leges
1154 597 1170 634 ⁴?
1225 594 1311 634 AD.
1342 593 1567 634 scivimus.

191 666 275 705 For
307 666 381 705 the
414 665 569 704 almost
603 663 815 714 certainly
849 666 1025 713 corrupt
1059 674 1180 712 saepe
1210 660 1382 700 Ritschl
1414 660 1625 712 proposed

127 718 240 770 fieri,
279 718 420 757 which
455 718 588 757 Goetz
621 719 805 768 accepts.
881 716 1014 754 Much
1047 728 1197 754 nearer
1230 714 1317 753 and
1348 714 1477 753 much
1509 727 1625 752 more

137 772 272 823 likely
301 776 346 811 to
375 772 427 810 be
456 770 688 822 corrupted
715 769 860 808 would
890 769 943 808 be
972 769 1099 818 coepi,
1132 767 1347 807 infinitive
1383 767 1553 818 passive
1582 767 1626 805 of

138 826 288 875 coepio,
312 837 488 874 coepere,
512 838 536 863 a
554 824 665 862 form
685 823 827 862 which
847 822 869 862 I
885 822 994 861 have
1010 826 1086 861 not
1102 825 1190 860 met
1205 821 1448 860 elsewhere.
1504 820 1561 858 M
1559 833 1618 859 en.

136 880 173 917 5.
197 880 234 917 5.
261 879 324 925 57,
350 890 479 927 neque
504 890 671 927 puqnas
700 889 828 926 neque
857 889 927 926 esso
957 876 1044 914 lites
1074 875 1223 924 coepio.
1285 874 1378 913 Ter.
1405 873 1493 913 Ad.
1519 875 1555 913 3.
1582 875 1617 913 3.

136 933 202 979 44,
225 931 358 970 Prius
377 931 600 980 olfecissem
620 943 748 980 quam
768 929 836 968 ille
857 930 1091 979 quidquam
1119 933 1310 978 coeperet.
1372 927 1491 966 Pers.
1522 929 1555 965 1.
1581 929 1617 967 3.

137 987 204 1031 41,
225 984 391 1023 Lubido
411 984 614 1033 extemplo
635 996 796 1032 coepere
817 988 873 1021 est
894 982 1137 1021 convivium.

633 1098 934 1145 TRINUMMUS,
957 1099 993 1137 3.
1020 1099 1056 1137 3.
1081 1098 1119 1136 3.

295 1173 493 1224 Namque
513 1172 654 1210 hercle
674 1172 853 1212 honeste
872 1171 969 1210 fieri
988 1171 1122 1210 ferme
1141 1171 1228 1210 non
1246 1175 1390 1222 potest

296 1227 360 1266 Ut
379 1227 470 1265 eam
490 1226 708 1277 perpetiar
726 1226 789 1264 ire
808 1225 852 1264 in
872 1225 1194 1264 matrimonium

294 1280 393 1320 Sine
413 1279 526 1327 dote,
551 1292 684 1329 quum
705 1279 797 1317 eius
817 1279 907 1317 rem
927 1291 1058 1329 penes
1076 1291 1144 1316 me
1163 1277 1342 1316 habeam
1363 1276 1490 1316 domi.

186 1347 333 1386 Ferme
351 1346 388 1385 is
408 1346 529 1397 quite
547 1358 705 1395 wrong.
769 1344 916 1383 Ferme
940 1345 976 1383 is
1004 1344 1110 1383 used
1139 1344 1185 1382 in
1214 1343 1396 1382 Plautus
1426 1344 1471 1382 in
1500 1343 1621 1382 these

133 1400 409 1440 collocations
430 1415 438 1438 :
470 1398 617 1437 Ferme
637 1397 845 1436 biennium
863 1411 877 1437 .·
906 1410 1022 1436 nemo
1032 1397 1172 1447 ferme
1188 1414 1200 1436 .·
1221 1397 1338 1436 haud
1346 1397 1486 1447 ferme
1501 1396 1620 1435 solet:

133 1454 261 1499 ferme
280 1459 325 1492 ἰιι
345 1452 516 1503 quisque
535 1464 624 1490 rem
643 1451 823 1490 adcurat
843 1464 965 1490 suam
983 1450 1040 1490 sic
1067 1450 1104 1489 ei
1126 1451 1359 1500 procedunt
1384 1455 1477 1500 post
1500 1452 1619 1499 prin-

133 1507 246 1556 cipia
265 1520 278 1546 :
307 1512 423 1544 aetas
443 1511 540 1544 acta
559 1510 615 1543 est
624 1504 763 1553 ferme
783 1519 796 1544 ,·
824 1503 891 1542 for
899 1504 1039 1554 ferme
1048 1503 1347 1554 fitmiliariter,
1376 1503 1493 1542 Trin.
1519 1504 1555 1542 2.
1577 1504 1614 1542 2.

133 1562 197 1607 54,
209 1559 339 1609 firme
357 1565 394 1598 et
412 1558 699 1608 familiariter
727 1558 763 1596 is
791 1558 894 1596 read
921 1557 1033 1596 from
1053 1557 1106 1605 A,
1130 1557 1272 1596 which
1301 1557 1378 1595 has
1397 1556 1536 1606 ferme
1565 1563 1613 1595 et.

132 1613 256 1653 None
275 1612 318 1652 of
345 1613 467 1651 these
496 1615 676 1662 support
700 1611 775 1650 the
796 1611 1126 1662 extraordinary
1146 1624 1221 1649 use
1241 1610 1285 1649 of
1295 1610 1434 1660 ferme
1453 1610 1587 1648 above
1609 1627 1616 1648 ε

131 1667 167 1705 it
186 1667 222 1705 is
242 1665 446 1718 probable
466 1665 565 1703 that
584 1664 660 1703 the
679 1667 777 1703 true
796 1664 975 1716 reading
994 1664 1030 1703 is
1045 1677 1126 1714 per
1144 1676 1218 1703 me.
1284 1667 1293 1683 ‘
1312 1663 1355 1702 It
1380 1670 1536 1702 cannot
1566 1664 1619 1702 be

133 1720 243 1759 done
262 1718 533 1769 honourably
552 1718 586 1756 if
606 1718 628 1756 I
649 1731 727 1757 can
747 1722 928 1769 prevent
948 1718 1013 1756 it.'

621 1846 873 1893 Ponxnmm,
901 1848 934 1884 1.
964 1849 997 1885 1.
1026 1849 1044 1884 l
1066 1860 1174 1897 seqq.

183 1921 286 1960 This
305 1933 484 1972 passage
503 1921 540 1959 is
559 1920 687 1971 given
707 1919 750 1958 in
773 1918 1002 1970 Geppert's
1021 1922 1118 1958 text
1138 1933 1184 1959 as
1203 1920 1372 1959 follows
1393 1937 1401 1959 :

235 1989 378 2027 AGOR.
415 1987 548 2038 Saepe
569 1988 645 2039 ego
665 2000 732 2025 res
751 1987 911 2025 multas
931 1986 1012 2025 tibi
1032 1987 1246 2035 mandavi,
1272 1986 1472 2038 Milphio,

236 2040 389 2080 dubias
409 2053 564 2092 egenas
583 2040 798 2091 inopiosas
819 2040 967 2079 consili
985 2055 995 2086 ;

235 2108 340 2145 quas
359 2099 409 2133 tu
430 2094 646 2145 sapienter
666 2093 792 2132 docte
813 2097 857 2132 et
877 2093 1051 2132 cordate
1071 2097 1115 2132 et
1135 2098 1230 2133 cate

235 2148 341 2186 mihi
360 2147 592 2186 reddidisti
612 2147 809 2198 opiparas
830 2160 958 2198 opera
978 2150 1066 2185 tua.

235 2201 390 2252 quibus
410 2214 487 2251 pro
506 2200 724 2239 beneficiis
744 2200 882 2239 fateor
903 2199 1050 2239 deberi
1068 2200 1149 2239 tibi

234 2260 278 2292 et
297 2254 541 2293 libertatem
561 2258 605 2293 et
625 2254 784 2293 multas
805 2253 986 2304 grandes
1004 2254 1178 2305 gratias.

235 2307 341 2345 Mn..
377 2307 598 2353 Scitumst,
622 2312 700 2358 per*
718 2311 888 2358 tempus
909 2307 1080 2345 obuiam
1100 2307 1137 2346 si
1157 2311 1223 2346 est
1241 2307 1421 2347 uerbum
1442 2313 1579 2348 uetus.

234 2373 333 2398 nam
352 2365 454 2399 tuae
472 2360 710 2400 blanditiae
730 2361 837 2399 mihi
857 2364 973 2407 sunt,
996 2360 1111 2411 quod
1131 2360 1216 2399 dici
1235 2361 1358 2409 solet,

233 2426 381 2464 gerrae
400 2427 639 2465 germanae,
664 2414 816 2465 edepol
835 2416 944 2463 λῆροι
964 2417 1074 2464 λῆροι
1094 2414 1211 2454 meri.

232 2479 347 2505 nunc
365 2467 473 2505 mihi
491 2466 762 2506 blandidicus
782 2480 825 2506 es
843 2483 851 2506 :
883 2467 976 2505 heri
994 2467 1039 2505 in
1059 2471 1180 2519 tergo
1199 2481 1292 2508 meo

233 2520 313 2559 tris
331 2519 458 2559 facile
479 2520 614 2559 corios
635 2521 881 2560 contrivisti
898 2520 1093 2560 bubulos.

180 2586 295 2625 Here
315 2587 390 2626 the
409 2586 526 2627 slave
546 2587 744 2638 Milphio,
770 2586 906 2626 vexed
926 2591 972 2626 at
992 2587 1059 2627 his
1082 2589 1278 2628 master's
1302 2592 1450 2641 empty
1470 2591 1611 2641 praise
