1839 3010
164 315 365 363 396-405]
590 298 652 347 Α.
694 298 734 346 I.
773 298 858 346 SC.
897 297 937 345 I.
980 297 1220 343 229-249.
1587 297 1649 340 43

56 435 145 476 (240)
166 425 276 473 SOS.
347 424 419 473 Vt.
441 423 580 471 lubet
596 441 608 483 3
646 421 778 485 quod
808 421 900 470 tibi
928 421 1066 469 lubet
1093 420 1182 479 fac,
1211 419 1444 483 quoniam
1473 419 1652 483 pugnis

427 504 538 567 plus
570 503 714 551 vales.

163 602 349 644 verum,
400 590 516 632 utut
564 600 613 632 es
659 583 892 641 facturus,
931 582 1022 629 hoc
1065 580 1265 644 quidem
1311 579 1473 628 hercle
1519 579 1653 627 haud

427 664 642 712 reticebo
678 669 856 710 tamen.

162 745 334 792 MERC.
402 744 479 791 Tu
525 761 603 791 me
643 743 784 790 vivos
831 741 977 790 hodie
1024 757 1295 804 numquam
1340 740 1486 788 facies
1533 740 1654 803 quin

428 825 520 872 sim
558 824 709 872 Sosia.

163 907 272 953 SOS.
346 905 491 954 Certe
528 904 703 968 edepol
743 910 801 952 tu
836 920 914 951 me
950 902 1187 950 alienabis
1222 918 1495 965 numquam
1534 902 1654 964 quin

129 989 174 998 „s

129 1052 133 1055 .
220 1007 249 1011 “
428 992 596 1034 noster
630 986 784 1046 siem3
1560 984 1653 1028 245

162 1085 251 1116 nec
287 1067 428 1115 nobis
453 1072 648 1130 praet-er
671 1065 786 1113 med
822 1065 944 1113 alius
976 1065 1284 1127 quisquamst
1308 1080 1474 1111 servos
1501 1061 1649 1111 Sosia.

53 1161 143 1201 (245)
186 1149 269 1211 qui
294 1165 405 1196 cum
429 1148 796 1210 Amphitruone
823 1146 938 1194 hinc
963 1163 1060 1193 una
1090 1145 1242 1193 ieram
1267 1145 1319 1191 in
1345 1142 1653 1209 exercitum]

163 1229 335 1277 MERC.
407 1228 502 1276 Hic
544 1227 691 1275 homo
734 1243 881 1274 sanus
923 1243 1024 1274 non
1065 1231 1150 1273 est.
1240 1225 1348 1273 SOS.
1401 1224 1546 1284 Quod
1585 1224 1654 1271 mi

427 1308 679 1371 praedicas
714 1308 907 1367 vitium,
945 1306 997 1354 id
1033 1306 1184 1354 tibist.

162 1389 295 1453 quid,
345 1388 542 1448 malum,
598 1406 699 1436 non
752 1391 861 1436 sum
913 1404 1001 1451 ego
1055 1403 1220 1435 servos
1272 1385 1654 1449 Amphitruonis

429 1469 599 1518 Sosia?
1559 1468 1652 1513 249

161 1567 323 1598 nonne
339 1550 430 1598 hac
446 1555 596 1597 noctu
610 1549 750 1597 navis
765 1555 934 1597 nostra
949 1548 1000 1595 in
1007 1552 1195 1611 portum
1214 1563 1277 1595 ex
1293 1553 1440 1610 portu
1458 1546 1656 1594 Persico

162 1631 312 1690 venit,
352 1647 476 1694 quae
511 1647 590 1678 me
627 1630 863 1677 advexit?
918 1645 1082 1677 nonne
1123 1645 1201 1676 me
1242 1627 1338 1675 huc
1374 1644 1484 1675 erus
1520 1627 1656 1674 misit

427 1728 564 1760 meus
585 1714 602 1759 2

163 1815 225 1863 M,
269 1815 324 1854 ici
371 1814 489 1863 Otto,
538 1827 592 1853 an
640 1813 819 1853 obvious
866 1812 952 1852 and
1000 1813 1164 1852 certain
1211 1811 1461 1851 correction.
1488 1813 1649 1851 —242

161 1881 320 1933 —quid
357 1882 419 1930 M,
463 1882 572 1932 quod
608 1882 818 1921 m.—246.
853 1880 1034 1928 Nonius,
1074 1894 1113 1932 p.
1154 1881 1218 1928 76,
1260 1879 1328 1920 for
1364 1880 1441 1918 the
1477 1879 1655 1931 phrases

163 1949 323 1989 absence
342 1950 458 1988 nobis
478 1949 563 1987 and
578 1955 798 1999 praesente
824 1948 939 1987 nobis
969 1951 1120 1999 quotes
1150 1947 1261 1986 from
1290 1947 1367 1987 the
1391 1947 1655 1999 Amphitruo

161 2030 232 2056 nec
251 2017 366 2056 vobis
385 2022 599 2067 praesente
618 2016 771 2067 aliquis
792 2017 1015 2066 quz'squcwn
1034 2015 1116 2054 ozi-si
1135 2028 1289 2055 seruus,
1351 2015 1392 2055 J.
1419 2014 1656 2054 Schroeder

160 2085 349 2136 thought
368 2084 467 2123 that
486 2084 609 2123 these
629 2083 770 2123 words
790 2096 903 2122 were
923 2097 948 2121 a
969 2082 1218 2134 corruption
1239 2082 1284 2121 of
1303 2082 1390 2121 this
1410 2095 1547 2130 verse,
1571 2082 1656 2121 and

162 2151 238 2191 LG
256 2151 343 2190 and
362 2151 447 2190 Leo
469 2164 594 2203 agree
614 2151 723 2190 with
742 2151 998 2192 him—247.
1034 2149 1276 2201 Expunged
1295 2149 1355 2201 by
1375 2150 1521 2189 Fleck.
1547 2149 1657 2188 with

161 2218 336 2270 general
371 2218 818 2270 approbation.—‘250.
866 2230 998 2256 nonne
1036 2216 1098 2264 M,
1137 2230 1218 2256 non
1255 2216 1457 2269 Spengel,
1488 2216 1652 2265 Fleck„

163 2284 248 2324 and
277 2285 434 2332 others,
469 2283 692 2336 including
720 2283 807 2332 LG,
839 2283 936 2323 who
966 2283 1078 2322 refer
1106 2286 1152 2322 to
1190 2282 1375 2336 Spengel
1412 2284 1486 2323 ‘dc
1524 2296 1655 2323 nonne

157 2351 406 2402 particule&
443 2365 484 2403 p.
527 2353 566 2390 4.
644 2351 806 2402 Ussing
842 2350 1009 2401 rightly
1047 2350 1211 2390 refuses
1257 2354 1304 2390 to
1345 2351 1484 2390 strike
1524 2364 1655 2390 norme

163 2422 240 2458 out
273 2418 316 2457 of
344 2418 527 2457 Plautus
565 2418 736 2469 against
773 2418 849 2457 the
881 2428 974 2457 MSS.
1050 2417 1233 2457 Plautus
1270 2418 1493 2470 preferred
1525 2406 1656 2457 nmine

163 2486 309 2525 before
337 2486 524 2526 vowels:
562 2499 693 2525 nonne
715 2499 862 2525 occurs
892 2485 958 2524 six
987 2485 1114 2524 times
1143 2486 1189 2524 in
1216 2486 1306 2525 this
1334 2486 1657 2538 playn—nostra

163 2555 280 2593 navis
310 2553 371 2601 M,
410 2553 530 2592 navis
565 2559 710 2592 nostra
743 2553 790 2592 in
814 2558 986 2603 portum
1015 2553 1182 2605 scripsi,
1220 2553 1274 2593 cf.
1307 2554 1346 2594 2.
1380 2555 1418 2594 2.
1453 2554 1505 2594 99
1524 2568 1536 2601 ;
1577 2554 1657 2593 258

165 2621 289 2660 infra.
377 2627 522 2660 nostra
576 2622 696 2660 navis
770 2621 848 2660 huc
904 2620 1105 2672 Pylades,
1170 2621 1469 2674 vulga—251.
1522 2634 1657 2661 nonne
