1839 3010
221 265 246 312 7
253 265 283 311 4
747 264 794 310 Α
801 263 863 311 M
860 263 959 311 PH
957 264 992 311 I
989 263 1073 311 ΤΗ
1082 264 1175 312 VO.
1509 280 1713 328 [685—695

219 395 366 451 atque
412 405 491 437 me
539 405 670 436 nunc
706 388 913 451 proinde
957 388 1174 451 appellas
1218 389 1358 452 quasi
1401 390 1560 438 multo
1601 399 1713 455 post

484 469 702 516 videris?

217 549 392 597 AMPH.
467 549 626 597 Immo
660 549 888 612 equidem
921 556 971 597 te
1003 549 1099 596 nisi
1133 566 1262 598 nunc
1294 550 1442 599 hodie
1466 568 1710 615 nusquam

484 629 588 677 vidi
623 629 860 692 gentium.

217 710 341 758 ALC.
415 710 550 770 Quor
573 727 724 774 negas
748 712 764 757 ?
827 711 1003 758 AMPH.
1067 710 1193 770 Quia
1217 727 1334 758 vera
1358 710 1510 759 didici
1533 711 1707 760 dicere.

484 791 609 838 ALG.
683 789 834 837 Haud
870 807 1077 852 aequom
1111 791 1229 838 facit
1283 792 1591 873 3455&ny
1648 795 1709 840 55

217 871 303 934 qui
340 871 471 933 quod
509 871 684 918 didicit
720 870 772 918 id
808 870 1031 918 dediscit.
1104 888 1167 918 an
1201 871 1552 934 periclitamini

216 951 336 1014 quid
371 951 524 999 animi
558 950 767 999 habeam
789 951 960 999 ?—sed
996 951 1116 1014 quid
1151 951 1247 998 huc
1279 969 1366 999 vos
1402 952 1727 1000 revortimini.

484 1037 587 1078 tam
624 1031 721 1078 cito
747 1033 763 1078 ?

217 1129 279 1159 an
304 1118 354 1160 te
380 1111 655 1174 auspicium
681 1117 1087 1159 commoratumst
1112 1129 1174 1160 an
1198 1119 1466 1175 tempestas
1491 1113 1713 1161 continet

218 1191 303 1255 qui
338 1209 438 1239 non
475 1192 641 1239 abiisti
677 1191 740 1239 ad
774 1191 1005 1255 legiones,
1045 1193 1117 1239 ita
1150 1193 1227 1239 uti
1263 1193 1452 1240 dudum
1487 1193 1715 1241 dixeras?

218 1273 395 1320 AMPH.
468 1272 713 1320 Dudum?
793 1289 940 1335 quam
1000 1272 1189 1320 dudum
1258 1274 1384 1321 istuc
1440 1274 1712 1322 factumst?

485 1354 610 1401 ALC.
684 1353 932 1415 Temptas.
969 1353 1068 1400 iam
1105 1353 1324 1401 dudum:
1371 1354 1530 1402 modo.
1651 1357 1712 1402 60

218 1433 396 1481 AMPH.
471 1433 566 1493 Qui
613 1434 740 1481 istuc
779 1435 910 1497 potis
953 1440 1027 1481 est
1068 1434 1186 1493 fieri,
1226 1451 1419 1497 quaeso,
1458 1442 1516 1482 ut
1557 1435 1713 1485 dicis:

365 1505 386 1534 *
486 1514 584 1561 iam
626 1514 846 1562 dudum:
888 1515 1075 1563 modo?

220 1594 344 1643 ALG.
418 1594 550 1654 Quid
604 1595 736 1642 enim
789 1598 990 1642 censes?
1045 1603 1094 1643 te
1146 1603 1203 1643 ut
1256 1595 1490 1644 deludam
1543 1603 1716 1644 contra

361 1660 430 1729 ,θ’
486 1675 700 1723 lusorem
736 1677 935 1724 meum?

219 1757 304 1819 qui
318 1725 471 1804 offunc
506 1757 722 1819 primum
758 1765 808 1805 te
843 1757 1102 1805 advenisse
1133 1757 1278 1815 dicaS,
1306 1757 1454 1805 modo
1479 1757 1564 1821 qui
1598 1758 1714 1806 hinc

488 1838 676 1886 abieris

219 2002 296 2039 qne
316 1989 434 2030 Cam.
460 2002 567 2040 very
582 1989 933 2040 probably.—53.
968 1989 1209 2041 Expunged
1225 1990 1283 2040 by
1299 1990 1522 2029 Muretus:
1553 1990 1716 2043 Ussing

218 2055 420 2095 brackets
440 2056 553 2095 from
572 2056 696 2107 quasi
720 2057 763 2094 in
792 2058 840 2095 51
869 2060 914 2095 to
940 2055 1132 2106 appellas
1158 2056 1202 2094 in
1228 2057 1417 2098 53.—57.
1455 2057 1718 2096 revortimini

218 2123 281 2171 Μ,
302 2124 479 2176 making
495 2138 555 2163 re·
570 2124 683 2175 long,
705 2137 760 2162 an
776 2124 948 2163 archaic
963 2137 1093 2175 usage
1109 2139 1120 2171 ;
1142 2137 1211 2162 see
1227 2123 1269 2163 1<
1273 2127 1378 2162 otes.
1426 2124 1715 2163 convortimini

218 2192 381 2239 Fleck„
407 2192 493 2231 and
523 2205 569 2231 so
596 2192 758 2243 Ussing
789 2191 978 2230 ‘incuria
998 2190 1412 2243 typographi.’—58.
1447 2193 1624 2230 couti-nec
1647 2191 1710 2238 M,

218 2260 412 2299 continez'c
442 2260 599 2308 Luchs,
623 2260 724 2307 Leo,
749 2259 829 2298 but
849 2259 925 2298 the
945 2259 1111 2311 perfect
1130 2260 1166 2298 is
1187 2263 1263 2298 out
1284 2259 1327 2297 of
1346 2259 1468 2310 place
1487 2259 1615 2299 here:
1645 2272 1718 2298 see

218 2340 274 2366 on
295 2328 331 2366 3.
354 2329 392 2366 2.
413 2329 602 2366 45.—59.
629 2327 751 2366 abisti
766 2327 829 2374 M,
849 2340 953 2366 corr.
976 2328 1156 2366 m.—60.
1186 2328 1270 2365 iam
1286 2327 1447 2366 dudam
1462 2327 1627 2376 pridem
1643 2326 1716 2373 M;

215 2395 385 2445 pridem
410 2395 594 2434 omitted
619 2396 673 2446 by
693 2395 883 2442 Brunck,
910 2395 1076 2446 rightly
1097 2407 1142 2433 as
1162 2395 1238 2434 the
1259 2398 1365 2434 next
1387 2407 1507 2434 verse
1533 2407 1715 2446 proves:

219 2463 383 2502 dudam
419 2462 606 2502 omitted
643 2462 703 2514 by
741 2462 939 2514 Pylades.
1001 2462 1095 2501 Alc.
1139 2462 1234 2513 lays
1265 2462 1482 2513 emphasis
1519 2475 1574 2501 on
1611 2463 1710 2501 iam.

220 2531 381 2582 Amph.
412 2530 705 2569 understands
738 2530 816 2569 her
848 2533 894 2569 to
925 2543 1000 2569 use
1034 2532 1121 2569 iam
1150 2530 1314 2569 dudum
1346 2530 1392 2568 in
1425 2530 1483 2569 its
1511 2529 1718 2580 ordinary

218 2610 341 2637 sense
379 2598 465 2637 and
503 2598 539 2637 is
576 2597 920 2649 puzzled—tam
953 2597 1117 2637 dudum
1156 2596 1457 2648 Ussing—63.
1501 2595 1724 2646 Quidnam
