1839 3010
162 312 363 360 961-969]
480 298 542 346 A.
571 298 668 344 III.
697 297 782 344 SC.
811 297 878 344 II.
910 297 1090 344 71-SC.
1120 297 1218 344 III.
1251 301 1321 344 14.
1584 297 1644 342 99

161 421 318 469 tristis
382 421 458 480 sit,
527 421 567 468 si
628 421 697 468 eri
763 420 862 468 sint
927 421 1094 468 tristes
1115 439 1128 480 3
1207 403 1394 468 hilarus
1458 421 1536 478 sit,
1605 420 1644 466 si

425 501 684 565 gaudeant.

161 581 248 629 sed
284 598 371 646 age
406 580 679 644 responde:
727 581 825 627 iam
860 597 947 628 vos
982 580 1180 628 redistis
1218 581 1267 627 in
1304 580 1645 629 concordiam?

161 663 299 710 IVPP.
371 661 591 720 Derides,
628 661 713 724 qui
745 661 836 708 scis
869 660 987 708 haec
1018 661 1206 708 dudum
1242 678 1318 708 me
1355 661 1535 708 dixisse
1560 679 1646 724 per

424 742 596 789 iocum.

161 822 270 869 Sos.
342 811 425 869 An
459 821 513 868 id
553 821 658 868 ioco
706 820 875 868 dixti?
934 821 1164 883 equidem
1213 821 1381 868 dictum
1425 821 1549 868 serio
1593 838 1643 867 ac

423 917 540 949 vero
575 906 724 948 ratus

158 982 296 1029 IVPP.
371 981 538 1030 Habui
578 981 1000 1046 expurigationem
1021 999 1034 1041 3
1079 982 1206 1029 facta
1242 999 1339 1045 pax
1374 988 1458 1029 est.
1532 982 1640 1029 Sos.

425 1062 704 1126 Optumest.
1587 1065 1643 1107 io

160 1143 298 1190 IVPP.
370 1142 473 1206 Ego
520 1159 623 1190 rem
671 1141 892 1189 divinam
939 1143 1072 1190 intus
1119 1143 1307 1201 faciam,
1357 1150 1473 1191 vota
1520 1160 1643 1206 quac

422 1230 553 1271 sunt.
625 1222 736 1270 SOS.
808 1222 1007 1270 Censeo.

156 1303 294 1352 IVPP.
369 1303 444 1351 Tu
483 1303 862 1366 gubernatorem
910 1319 938 1350 a
983 1302 1099 1349 navi
1147 1303 1240 1350 huc
1289 1320 1436 1351 evoca
1483 1305 1642 1352 verbis

420 1384 541 1431 meis

154 1463 530 1527 Blepharonem,
567 1464 646 1526 qui
681 1480 732 1511 re
769 1463 937 1511 divina
973 1463 1102 1511 facta
1137 1481 1328 1511 mecum
1364 1464 1616 1527 prandeat.

156 1543 264 1593 SOS.
337 1544 443 1593 Iam
495 1544 574 1591 hic
627 1560 722 1602 ero,
775 1560 923 1606 quom
974 1544 1072 1592 illic
1126 1544 1343 1592 censebis
1397 1562 1498 1593 esse
1548 1563 1636 1593 me.

419 1624 558 1672 IVPP.
630 1625 872 1672 Actutum
908 1624 1005 1672 huc
1040 1624 1157 1672 redi.

152 1822 373 1867 —coparet
409 1817 559 1856 D.——6.
595 1817 694 1864 fieri
731 1816 813 1855 sint
851 1816 900 1864 E,
944 1830 969 1855 a
1007 1817 1254 1868 corruption
1294 1817 1435 1857 which
1469 1818 1546 1857 has
1583 1818 1640 1857 its

152 1884 452 1936 development
480 1884 572 1923 into
591 1884 759 1933 fuerint
788 1884 825 1923 si
856 1884 1030 1923 „TE—S.
1069 1885 1155 1923 iam
1189 1886 1350 1924 cludam
1384 1885 1445 1932 M,
1479 1886 1641 1924 (ludum

153 1951 531 1991 Camerarius—9.
570 1951 716 1990 dixisti
746 1952 807 1998 M,
841 1952 949 1991 dixti
983 1952 1046 1991 ed.
1109 1952 1131 1991 I
1163 1953 1252 1992 also
1285 1953 1420 1991 insert
1453 1954 1609 1993 dictum
1628 1969 1640 1992 .·

149 2032 231 2058 om.
256 2018 318 2059 M.
378 2018 652 2059 Camerarius
681 2022 817 2058 wrote
846 2019 994 2058 dixisti
1023 2026 1065 2058 tu
1085 2035 1098 2059 .·
1140 2019 1299 2071 Ussing
1327 2033 1397 2070 690
1426 2021 1639 2071 equidem.-

150 2086 337 2134 equidem
371 2086 503 2126 hercle
536 2085 751 2126 LG.—10.
800 2088 1143 2137 expurycztionmn
1181 2087 1242 2133 M,
1285 2089 1639 2138 expuriqationem

150 2153 333 2193 Ritschl.
394 2153 442 2192 M
463 2153 659 2205 wrongly
678 2153 813 2206 prefix
832 2154 1105 2193 Alcumena’s
1129 2168 1253 2193 name
1272 2158 1318 2193 to
1339 2155 1426 2193 this
1447 2169 1637 2195 verse.—

152 2221 213 2259 13.
248 2222 319 2270 qui
353 2219 440 2268 LG,
473 2234 498 2259 a
532 2221 695 2259 certain
726 2221 988 2260 correction:
1020 2234 1090 2259 see
1115 2223 1151 2261 3.
1184 2222 1220 2260 2.
1254 2223 1315 2264 70.
1378 2228 1422 2261 ut
1447 2222 1633 2262 M.—14.

149 2300 242 2328 cum
276 2287 578 2327 M.—censem·s
603 2288 795 2340 B,.-14.
840 2288 1065 2327 Acidalius
1092 2289 1265 2340 acutely
1296 2289 1506 2328 surmised
1540 2291 1638 2329 that

148 2354 224 2393 the
245 2354 408 2393 clauses
428 2355 472 2393 of
490 2354 578 2394 this
598 2368 638 2394 v.
664 2355 750 2394 had
778 2355 886 2394 been
914 2355 1171 2406 transposed
1200 2356 1245 2394 in
1274 2356 1348 2395 the
1376 2368 1470 2396 MSS.
1495 2357 1635 2396 which

148 2421 316 2460 exhibit
348 2422 423 2461 the
456 2422 581 2461 order
613 2423 739 2474 given
778 2423 924 2462 above.
991 2423 1152 2475 Ussing
1186 2428 1357 2476 accepts
1390 2425 1465 2464 the
1499 2428 1634 2465 trans-

148 2488 348 2540 position,
394 2488 474 2528 but
520 2489 682 2529 deletes
720 2490 829 2540 jam.
909 2489 973 2530 Cf.
1026 2490 1143 2530 Trin.
1187 2492 1225 2530 4.
1272 2493 1309 2531 4.
1360 2493 1433 2532 16:
1487 2493 1629 2532 CHAR.

152 2554 243 2595 Cito
262 2555 433 2594 ambula
451 2569 466 2597 .·
496 2562 681 2596 actutum
698 2557 802 2596 redi.
878 2556 1004 2596 STAS.
1035 2557 1130 2596 Illic
1159 2570 1251 2596 sum
1280 2564 1404 2609 atque
1432 2559 1497 2598 hic
1526 2572 1630 2600 sum.

148 2621 252 2662 This
274 2635 450 2675 passage
479 2636 614 2662 seems
634 2626 680 2663 to
701 2623 906 2663 establish
937 2623 1094 2663 Cam.'s
1123 2626 1382 2677 suggestion.
1442 2626 1532 2666 But
1559 2628 1634 2666 the
