1802 3010
246 310 341 356 244
744 309 794 357 Α
800 309 963 356 ΜΡΗ
959 309 992 356 Ι
991 308 1074 356 TR
1083 308 1173 357 VO.

270 441 469 481 Profecto
488 445 540 481 ut
558 442 722 493 loquor,
745 454 814 480 res
832 441 950 481 itaist.
1011 442 1213 494 Iuppiter
1231 446 1276 482 te

108 509 188 551 570
268 508 441 549 Perdet.
467 514 481 556 Η
539 509 653 557 Quid
672 508 775 548 mali
795 522 902 556 sum,
928 522 1012 557 ere,
1037 514 1114 548 tua
1133 509 1186 548 ex
1205 523 1251 548 re
1270 510 1559 561 promeritus?
1581 516 1597 558 [1

267 575 476 627 Regesne,
499 575 706 626 improbe,
733 575 865 614 etiam
885 575 959 627 qui
980 574 1103 615 ludos
1121 576 1229 616 facis
1249 580 1345 616 me?
1366 582 1380 623 Η

417 642 587 682 'Merito
607 642 719 681 male
740 642 872 687 dicas,
897 643 934 681 si
953 642 998 681 id
1018 642 1241 682 factumst.
1267 648 1282 690 ΙΙ

271 709 429 749 Verum
449 709 566 749 haud
586 710 770 749 mentior
789 723 943 761 resque
963 711 1030 749 uti
1048 710 1164 750 facta
1183 711 1291 750 dico.

425 777 567 817 Homo
587 777 658 816 hio
678 776 822 816 ebrius
842 781 909 816 est
928 781 980 816 ut
998 778 1162 829 opinor.
1189 783 1203 824 Η

105 845 183 887 575
265 844 457 884 'Utinam
476 844 539 884 ita
559 857 696 883 essem
715 847 723 883 Ξ
764 843 900 895 Opta'ts
920 857 1029 896 quae
1049 844 1175 884 faeta.
1224 845 1413 896 'Egone‘2
1452 846 1519 886 Tu
1538 846 1649 886 istic.
1667 851 1682 893 ΙΙ

1166 912 1267 952 'Ubi
1288 912 1469 953 bibisti?

259 978 481 1031 Nusquam
502 979 701 1031 equidem
721 978 825 1019 bibi.
869 978 982 1027 Quid
1002 979 1083 1018 hoc
1103 979 1162 1019 sit
1181 979 1396 1020 hominis?
1416 984 1430 1027 ΙΙ
1468 979 1682 1032 Equidem

1153 1046 1325 1086 deciens
1345 1047 1437 1086 dixi
1455 1063 1464 1087 :

263 1114 389 1154 Domi
408 1127 486 1166 ego
507 1127 614 1161 sum,
639 1113 1026 1165 inquam—ecquid
1055 1113 1179 1153 audis
1193 1115 1309 1153 ‘3—et
1328 1114 1444 1166 apud
1463 1117 1510 1154 te
1528 1114 1680 1155 adsum

1159 1180 1280 1220 Sosia
1298 1180 1427 1220 idem.
1450 1186 1464 1228 ll

101 1250 251 1301 57Ss79
335 1249 455 1290 Setin
477 1249 556 1288 hoo
576 1248 716 1301 plane,
741 1248 856 1288 setin
876 1248 1038 1288 diserte
1058 1261 1163 1296 esse,
1187 1249 1268 1295 ere,
1293 1261 1408 1288 nuno
1427 1248 1580 1288 uideor
1597 1249 1680 1288 tibi

1266 1316 1436 1355 locutus
1450 1320 1466 1356 ⁸?

259 1384 372 1432 Vah,
400 1389 413 1430 [ξ
435 1385 569 1436 aipage
588 1384 665 1423 ted
685 1397 710 1422 a
729 1384 808 1422 me.
845 1383 958 1432 Quid
979 1387 1045 1423 est
1063 1383 1240 1435 negoti?
1268 1383 1410 1423 Pestis
1430 1385 1474 1423 te
1494 1388 1628 1424 tenet.

99 1453 249 1502 581s82
399 1451 513 1491 Nam
533 1465 639 1503 quor
659 1451 771 1490 istuc
793 1455 806 1497 Η
828 1450 964 1490 diois?
1019 1450 1219 1503 equidem
1236 1450 1361 1489 *ualeo
1381 1450 1523 1490 saluos
1543 1451 1671 1499 recte,

1147 1517 1421 1569 Amphitruo.
1448 1523 1461 1564 Η

259 1587 335 1626 'At
354 1590 397 1626 te
418 1599 496 1639 ego
515 1585 670 1625 faciam
690 1585 871 1638 proinde
891 1599 940 1624 ao
959 1584 1154 1624 meritu's
1193 1590 1206 1631 Η
1236 1583 1285 1624 ut
1304 1585 1447 1624 minus
1467 1586 1612 1626 ualeas
1631 1587 1675 1626 et

1209 1653 1339 1691 miser
1358 1653 1429 1700 sis,

634 1719 783 1760 Saluos
805 1719 981 1759 domum
1002 1720 1039 1759 si
1059 1719 1239 1759 rediero.

96 1790 175 1828 585
307 1788 398 1827 Iam
420 1792 434 1835 ΙΙ
455 1789 632 1840 sequere
652 1788 710 1826 sis
730 1800 851 1827 erum
872 1787 945 1839 qui
965 1786 1163 1826 ludificas
1184 1786 1313 1826 dietis
1333 1786 1635 1828 delirantibus.
1657 1794 1671 1835 Η

563 1925 721 1977 Amph.
749 1926 925 1965 633-653
948 1926 999 1973 (2.
1026 1925 1062 1963 2.
1091 1926 1229 1973 1-21):

257 2021 380 2062 Satin
398 2035 536 2073 parua
556 2021 624 2060 res
644 2023 711 2059 est
729 2019 1007 2071 uoluptatum
1026 2019 1070 2058 in
1091 2020 1185 2059 uita
1204 2023 1337 2071 atque
1357 2020 1403 2058 in
1421 2019 1565 2059 aetate

1301 2086 1473 2138 agunda
1493 2091 1507 2133 Η

258 2157 365 2197 Prae
384 2157 512 2208 quem
534 2155 649 2207 quod
668 2155 973 2195 molestumst?
1028 2154 1091 2193 ite.
1110 2154 1296 2206 quoique
1316 2155 1361 2193 in
1381 2154 1524 2194 aetate
1542 2154 1614 2193 ho-

983 2222 1148 2260 minum
1170 2222 1521 2273 comparetumst.
1546 2226 1560 2268 ΙΙ

253 2291 324 2331 Ita&
343 2291 410 2330 dis
430 2294 497 2330 est
515 2289 734 2342 plicitum,
760 2288 1031 2341 uoluptatem
1050 2292 1103 2328 ut
1120 2289 1287 2327 maeror
1307 2290 1447 2327 eomes
1467 2301 1608 2328 conse-

93 2361 170 2399 635
1349 2356 1521 2408 quetur,
1545 2360 1560 2403 ΙΙ

252 2426 366 2476 Quin
385 2424 644 2465 incommodi
664 2424 762 2476 plus
781 2423 968 2476 malique
988 2423 1087 2462 ilico
1107 2423 1234 2471 adsit,
1258 2423 1360 2462 bom'
1381 2423 1416 2462 si
1436 2423 1596 2476 optigit

1400 2489 1521 2542 quid.
1543 2494 1557 2537 ΙΙ

251 2560 364 2601 Nam
384 2573 460 2613 ego
479 2559 525 2599 id
544 2572 659 2599 nune
682 2558 880 2611 experior
908 2557 1035 2597 domo
1064 2558 1194 2610 aitque
1222 2557 1317 2609 ipsa
1345 2557 1399 2597 de
1427 2571 1495 2597 me
1523 2558 1611 2597 scio

1196 2626 1298 2677 quoi
1317 2625 1520 2677 uoluptas
1541 2630 1555 2671 Η
