1839 3010
231 293 289 337 14
752 291 1179 339 AMPHITRVO.
1513 307 1716 354 [121-138

225 416 275 461 in
312 414 690 477 Amphitruonis
726 416 880 462 vortit
916 432 1018 463 sese
1053 416 1317 479 imaginem

225 510 488 557 omnesque
525 511 634 542 eum
673 511 776 542 esse
813 502 1013 543 censent
1048 496 1177 543 servi
1213 496 1296 558 qui
1331 495 1536 545 vident:

224 574 294 622 ita
328 575 640 637 vorsipellem
676 591 726 623 se
761 575 879 622 facit
914 575 1111 638 quando
1147 575 1298 623 lubet.

225 671 312 717 ego
349 655 477 702 servi
514 655 702 718 sumpsi
738 655 904 703 Sosiae
940 656 1009 703 mi
1044 656 1321 720 imaginem,

223 736 307 797 qui
343 752 453 783 cum
490 736 857 798 Amphitruone
892 736 1016 784 abiit
1051 736 1165 784 hinc
1200 737 1251 783 in
1289 737 1571 796 exercitum,
1618 739 1710 784 125

222 823 277 863 ut
311 816 610 878 praeservire
648 816 835 864 amanti
870 818 980 864 meo
1018 833 1210 878 possem
1251 817 1380 879 patri

221 903 367 959 atque
402 905 460 944 ut
495 914 556 945 ne
593 898 679 960 qui
715 913 871 945 essem
904 897 1169 944 familiares
1205 905 1509 960 quaererent,

221 977 405 1024 vorsari
443 977 610 1025 crebro
646 977 725 1024 hic
763 994 911 1040 quom
949 977 1173 1025 viderent
1209 995 1286 1025 me
1323 977 1455 1026 domi
1475 996 1488 1038 3

221 1074 350 1105 nunc
382 1074 530 1120 quom
561 1074 663 1106 esse
697 1058 897 1106 credent
926 1074 1118 1106 servom
1152 1064 1202 1106 et
1234 1075 1518 1106 conservom
1553 1075 1705 1117 suom,

221 1137 351 1185 haud
388 1137 645 1200 quisquam
683 1146 885 1200 quaeret
921 1139 1002 1201 qui
1042 1139 1163 1186 siem
1198 1145 1284 1186 aut
1319 1138 1439 1201 quid
1475 1140 1702 1187 venerim.

219 1225 358 1280 pater
393 1235 522 1266 nunc
559 1218 694 1265 intus
731 1235 818 1266 suo
855 1218 1019 1266 animo
1056 1235 1241 1266 morem
1277 1218 1437 1281 gerit:
1615 1220 1701 1266 131

217 1298 365 1346 cubat
400 1298 683 1361 complexus
720 1298 895 1362 quoius
933 1299 1133 1361 cupiens
1169 1304 1460 1346 maxumest.

216 1395 341 1441 quae
376 1378 447 1426 illi
485 1379 547 1427 ad
582 1379 825 1442 legionem
861 1380 991 1427 faeta
1025 1386 1141 1427 sunt
1175 1385 1416 1427 memorat
1449 1385 1590 1442 pater

217 1476 351 1507 meus
386 1459 722 1507 Alcumenae:
770 1459 855 1507 illa
889 1460 1029 1507 illum
1065 1466 1230 1507 censet
1262 1459 1427 1511 virum

214 1556 354 1587 suom
379 1556 495 1599 esse,
524 1557 647 1603 quae
673 1557 782 1587 cum
813 1540 1076 1588 moechost.
1150 1540 1220 1587 ibi
1247 1557 1378 1588 nunc
1406 1557 1542 1588 meus
1566 1548 1706 1604 pater

213 1628 466 1678 memorat,
504 1620 718 1684 legiones
754 1620 971 1668 hostium
1006 1627 1064 1668 ut
1098 1620 1357 1684 fugaverit,
1610 1623 1702 1668 136

213 1718 309 1764 quo
345 1708 488 1764 pacto
525 1701 591 1748 sit
622 1700 765 1749 donis
801 1700 1013 1748 donatus
1048 1700 1299 1764 plurumis.

214 1798 270 1830 ea
304 1781 446 1841 dona,
487 1798 610 1845 quae
646 1781 745 1829 illic
781 1781 1137 1845 Amphitruoni
1173 1788 1290 1829 sunt
1325 1781 1453 1841 data,

212 1961 318 1987 mmc
348 1948 459 1987 inlu-s·
489 1947 793 1986 Bothe—121.
832 1949 956 1986 uertit
988 1947 1198 1987 ,NL—123.
1235 1947 1404 1986 Nonius
1432 1950 1584 1998 quotes
1612 1948 1700 1987 this

212 2028 331 2054 verse
378 2029 408 2054 s.
452 2028 491 2054 V.
536 2015 766 2065 versipelles
782 2030 799 2062 ,·
846 2015 1103 2064 versipellem
1142 2015 1194 2062 D,
1236 2014 1567 2054 Nonius—125.
1610 2016 1700 2055 The

210 2083 355 2122 hiatus
378 2083 414 2121 is
442 2083 664 2134 variously
691 2082 928 2121 emended:
970 2075 1278 2132 Amphitruone
1305 2095 1391 2121 una
1417 2082 1582 2130 Fleck„
1605 2083 1692 2123 LG.

212 2150 353 2189 Fleck.
379 2149 469 2190 also
489 2149 699 2202 proposed
719 2150 858 2197 abivit,
882 2149 1024 2188 which
1043 2149 1079 2188 is
1099 2149 1288 2201 adopted
1308 2149 1366 2200 by
1387 2149 1482 2188 Leo.
1527 2149 1696 2189 Ritschl

209 2217 350 2257 added
370 2231 450 2266 ero,
475 2217 556 2257 but
575 2218 620 2256 in
639 2218 706 2257 his
726 2217 834 2256 New
859 2217 1076 2255 Excursus
1106 2216 1317 2268 proposed
1344 2217 1691 2266 Amplcitruonecl.

208 2285 335 2324 abivit
354 2285 391 2324 is
410 2285 486 2324 the
505 2285 702 2337 simplest
721 2285 899 2336 change,
929 2283 964 2323 if
991 2297 1017 2322 a
1045 2284 1209 2335 change
1237 2284 1273 2323 is
1302 2286 1690 2335 necessary.-129.

208 2355 316 2391 serui
335 2352 402 2391 for
421 2365 580 2391 seruom
603 2358 639 2391 et
659 2352 961 2392 Bothe—130.
996 2351 1141 2391 Fleck.
1165 2355 1411 2402 transposes
1437 2351 1523 2390 and
1550 2352 1696 2392 writes

208 2419 282 2470 qui
308 2421 386 2459 sim
415 2421 747 2467 «gemerem—134.
781 2420 822 2458 A
846 2419 991 2458 hiatus
1017 2418 1129 2458 after
1152 2418 1228 2457 the
1256 2432 1414 2470 proper
1440 2432 1590 2458 name:
1625 2432 1695 2459 see

208 2500 261 2526 on
286 2489 372 2535 103,
399 2488 475 2526 125
496 2500 635 2538 supra.
648 2492 827 2526 —censet
855 2486 930 2525 illa
957 2486 992 2525 F
995 2485 1121 2534 leck.,
1147 2491 1191 2524 at
1212 2486 1285 2525 illa
1304 2486 1418 2538 Pyl„
1441 2499 1549 2526 nunc
1567 2494 1694 2527 censet

211 2554 556 2594 Mueller.—l35.
600 2555 767 2605 quicum
793 2553 989 2601 Mueller,
1020 2553 1137 2593 Pros.
1174 2566 1216 2605 p.
1250 2554 1328 2594 683
1354 2556 1468 2603 note,
1505 2553 1693 2606 cleverly

206 2621 292 2661 and
317 2621 505 2675 perhaps
533 2622 863 2675 rightly-137.
897 2622 949 2661 sic
977 2621 1096 2660 donis
1124 2620 1186 2668 M,
1218 2621 1335 2660 donis
1362 2621 1414 2660 sit
1443 2619 1687 2669 Salmasius,
