1839 3010
121 306 322 354 195-207]
482 328 486 329 γ
574 291 639 338 Α.
679 290 718 339 I.
758 289 844 338 SC.
884 290 923 337 I.
967 291 1139 336 32-52.
1548 290 1608 334 23

29 427 100 468 (40)
118 434 195 464 me
249 434 277 464 a
328 421 475 479 portu
527 415 782 478 praemisit
836 414 1050 470 domum,
1107 420 1163 461 ut
1212 413 1330 460 haec
1383 412 1610 460 nuntiem

382 495 526 543 uxori
562 512 707 542 suae:

116 584 174 625 ut
197 577 403 640 gesserit
437 575 793 638 rempublicam
831 575 982 622 ductu
1016 575 1222 637 imperio
1258 573 1472 636 auspicio
1506 590 1605 621 suo.

117 674 173 704 ea
206 673 336 704 nunc
378 655 656 704 meditabor
697 671 794 717 quo
837 654 984 702 modo
1021 654 1094 701 illi
1131 654 1303 713 dicam,
1344 670 1491 716 quom
1528 653 1610 700 illo

386 737 645 784 advenero.

117 819 157 864 si
194 817 364 864 dixero
400 816 728 872 mendacium,
768 815 929 862 solens
964 818 1073 862 meo
1110 831 1244 862 more
1280 814 1453 861 fecero.

117 914 231 944 nam
274 913 423 959 quom
469 895 759 958 pugnabant
807 911 1049 952 maxume,
1091 910 1178 956 ego
1222 900 1330 940 tum
1366 892 1613 955 fugiebam

384 992 630 1024 maxume.
1550 976 1610 1019 45

29 1065 99 1106 (45)
119 1074 291 1104 verum
328 1057 467 1119 quasi
504 1056 746 1103 adfuerim
783 1062 950 1102 tamen
988 1054 1228 1101 simulabo
1264 1060 1412 1116 atque
1444 1053 1614 1101 audita

387 1137 601 1199 eloquar.

116 1218 202 1266 sed
255 1234 351 1281 quo
404 1217 552 1264 modo
607 1223 656 1263 et
707 1216 869 1263 verbis
919 1215 1097 1277 quibus
1146 1231 1224 1262 me
1268 1214 1437 1262 deceat
1480 1215 1614 1262 fabu-

384 1297 541 1355 larier,

116 1379 252 1441 prius
304 1379 409 1441 ipse
459 1394 652 1424 mecum
703 1377 854 1424 etiam
907 1375 1018 1423 volo
1073 1376 1151 1422 hic
1207 1375 1448 1424 meditari.
1547 1377 1614 1424 sic

383 1458 474 1505 hoc
510 1457 788 1521 proloquar.

250 1538 500 1600 Principio
533 1544 590 1585 ut
615 1537 700 1585 illo
734 1537 1039 1596 advenimus,
1068 1536 1155 1584 ubi
1190 1537 1405 1600 primum
1432 1544 1614 1585 terram

386 1618 657 1681 tetigimus,

119 1698 351 1746 continuo
405 1699 706 1761 Amphitruo
755 1697 938 1761 delegit
986 1698 1117 1745 viros
1166 1699 1437 1761 primorum
1485 1700 1614 1762 prin-

389 1779 542 1841 cipes;
1552 1782 1613 1827 50

30 1879 101 1919 (50)
121 1862 201 1907 eos
232 1859 378 1922 legat,
407 1859 632 1907 Telebois
669 1859 807 1907 iubet
832 1859 1131 1906 sententiam
1165 1868 1222 1907 ut
1247 1860 1414 1907 dicant
1447 1877 1613 1909 suam:

120 1941 161 1987 si
214 1941 317 1987 sine
372 1940 421 1986 vi
474 1946 524 1987 et
572 1940 675 1987 sine
722 1940 852 1987 bello
900 1940 1059 1987 velint
1106 1947 1249 2003 rapta
1296 1948 1345 1988 et
1392 1949 1614 2004 raptores

387 2020 596 2078 tradere,

121 2100 161 2147 si
232 2117 355 2162 quae
422 2106 756 2163 asportassent
817 2100 1038 2158 reddere,
1103 2118 1153 2148 se
1210 2102 1481 2150 exercitum
1537 2120 1615 2150 ex-

391 2180 577 2243 templo
615 2181 817 2228 domum

125 2281 341 2333 supposed
357 2281 415 2333 by
431 2281 654 2334 Kiessling
673 2285 718 2321 to
737 2282 894 2333 belong
912 2287 958 2322 to
978 2296 1004 2322 a
1024 2283 1134 2323 later
1153 2285 1384 2325 recension.
1436 2285 1505 2324 He
1524 2286 1614 2326 also

124 2349 284 2388 strikes
311 2352 387 2387 out
417 2363 454 2389 V.
485 2352 676 2389 40.—45.
712 2364 780 2400 esso
812 2359 900 2390 tum
931 2351 996 2402 B2,
1030 2351 1120 2400 LG,
1151 2359 1238 2391 tum
1268 2366 1348 2392 om.
1384 2353 1444 2393 M.
1506 2354 1549 2393 It
1578 2355 1614 2393 is

122 2416 264 2455 worth
297 2417 490 2468 noticing
528 2431 574 2457 as
612 2431 637 2456 a
674 2418 785 2470 good
823 2419 1017 2458 instance
1055 2419 1099 2458 of
1136 2421 1374 2460 accidental
1412 2422 1613 2461 omission

125 2484 225 2523 that
245 2484 274 2523 J
294 2485 424 2523 omits
443 2485 502 2523 all
520 2485 631 2524 from
651 2486 832 2525 mwoeime
852 2486 895 2525 in
917 2488 968 2526 38
988 2491 1034 2526 to
1053 2487 1128 2526 the
1149 2488 1232 2527 end
1252 2489 1294 2527 of
1314 2489 1402 2528 this
1421 2503 1615 2529 verse.—

124 2554 190 2592 46.
236 2553 386 2592 Verum
407 2558 545 2592 tamen
574 2554 696 2604 quasi
724 2554 938 2603 adfuerim
959 2554 1173 2595 Em.-5o.
1208 2557 1354 2607 deleyit
1374 2560 1607 2609 pres—53.

125 2633 233 2670 quas
245 2620 294 2668 B,
315 2621 592 2671 asportassuit
606 2621 751 2660 Fleek.
770 2621 869 2661 Uss.
902 2622 1121 2662 redderent
1134 2623 1195 2672 M,
1212 2623 1293 2664 but
1305 2624 1340 2663 B
1354 2625 1430 2664 has
1442 2626 1614 2665 reddere
