1839 3010
200 301 293 352 Frg.
321 302 577 352 XL-xm]
757 289 819 336 A.
860 289 948 336 IV.
988 289 1074 338 SC.
1113 289 1183 337 II.
1584 293 1674 338 109

899 426 971 460 XI.

194 500 365 563 (ALO.)
435 499 545 548 Nisi
595 500 686 547 hoc
734 499 804 547 ita
853 500 1084 548 factumst
1134 500 1338 563 proinde
1387 508 1444 549 ut
1491 502 1674 550 factum

591 596 693 627 esse
730 587 945 638 autumo,

456 676 555 708 non
581 676 774 707 causam
798 659 905 707 dico
931 660 1050 722 quin
1076 677 1191 708 vero
1215 660 1466 708 insimules
1490 663 1670 724 probri.

883 805 974 839 XII.

187 879 370 941 (IVPP.)
442 879 781 927 Manufestum
805 879 934 927 hunc
963 880 1158 928 obtorto
1189 880 1311 929 collo
1341 885 1484 930 teneo
1513 883 1670 930 furem

583 960 752 1024 flagiti.

870 1060 984 1095 X111.

186 1135 408 1197 (AMPH.)
478 1134 637 1183 Immo
674 1151 762 1198 ego
797 1134 942 1194 hunc,
982 1134 1202 1183 Thebani
1240 1136 1383 1195 cives,
1417 1138 1502 1199 qui
1535 1137 1665 1186 domi

582 1231 788 1262 uxorem
825 1231 983 1262 meam

447 1301 755 1366 impudicitia
806 1301 1078 1364 impedivit,
1134 1308 1289 1361 teneo,
1346 1302 1664 1352 thensaurum

580 1381 754 1444 stupri.

864 1482 974 1517 XIV.

180 1554 400 1620 (AMPH.)
469 1556 618 1605 Nilne
648 1562 696 1604 te
727 1554 894 1620 pudet,
926 1556 1140 1615 sceleste,
1172 1557 1341 1621 populi
1364 1558 1416 1605 in
1442 1576 1662 1622 conspec-

574 1642 683 1684 tum
716 1636 944 1700 ingredi‘.l

175 1751 266 1791 The
294 1752 483 1792 sacrifice
512 1752 556 1791 of
583 1766 607 1791 a
635 1752 720 1804 hog
744 1752 872 1804 being
900 1766 925 1792 a
954 1767 1053 1792 cure
1081 1753 1149 1794 for
1175 1754 1396 1806 insanity:
1432 1756 1505 1795 the
1525 1758 1658 1805 word,

174 1819 384 1868 however,
408 1820 445 1859 is
465 1820 626 1870 always
641 1833 806 1870 porcus.
868 1820 1005 1860 Other
1031 1822 1289 1861 corrections
1310 1836 1381 1862 are
1410 1825 1659 1864 medicatum

174 1887 248 1926 tibi
280 1887 526 1934 Hoffmann,
560 1887 814 1926 medicamen
848 1887 920 1926 tihi
948 1887 1123 1940 Ussing,
1155 1889 1360 1928 medicari
1389 1891 1530 1930 Iouem
1559 1891 1657 1940 Qui-

173 1954 331 1994 cherat.

226 2021 303 2060 FR.
342 2023 403 2061 11.
452 2022 519 2070 (13
548 2020 636 2069 LG,
671 2023 694 2061 9
725 2022 845 2070 Leo.)
901 2022 1081 2070 Nonius,
1114 2036 1154 2074 p.
1186 2024 1263 2065 237
1291 2037 1323 2063 S.
1349 2038 1387 2064 v.
1419 2031 1651 2066 autumare.

159 2089 330 2139 factum
348 2095 406 2128 est
424 2088 811 2129 Nonius-uerum
837 2090 939 2140 quin
964 2091 1126 2129 simzdes
1152 2090 1319 2130 Nonius
1343 2094 1430 2143 (qui
1450 2093 1658 2133 insimules

171 2156 350 2204 Nonius,
375 2155 468 2195 cod.
493 2156 739 2207 P.).—quin
758 2169 854 2196 vero
874 2156 1054 2205 Brandt,
1079 2157 1266 2209 Langen.

223 2224 300 2262 FR.
340 2224 401 2263 12.
454 2224 494 2271 (9
525 2223 615 2271 LG,
653 2226 701 2263 15
732 2223 852 2272 Leo.)
910 2224 1091 2272 Nonius,
1130 2237 1170 2276 p.
1209 2227 1301 2272 453,
1344 2226 1533 2277 ‘furtum
1570 2242 1654 2267 non

169 2291 314 2330 ablata
337 2303 416 2338 res,
451 2289 526 2329 sed
554 2304 666 2329 nunc
698 2290 903 2342 quicquid
932 2291 1098 2330 occulte
1125 2292 1292 2343 geritur
1369 2293 1399 2333 .’
1473 2294 1654 2335 Plautus

167 2358 486 2410 Amphitryone
534 2357 884 2408 ‘AIcmzffestumss
923 2362 1002 2398 etc.
1023 2359 1233 2408 —furem
1279 2360 1460 2409 Nonius,
1512 2363 1652 2401 which

166 2426 355 2477 scarcely
394 2428 595 2476 supports
633 2425 700 2464 his
737 2425 905 2465 lemma.
979 2425 1097 2476 furti
1133 2426 1222 2475 LG,
1272 2440 1379 2478 very
1423 2428 1647 2480 probably.

166 2496 307 2543 φόρτον
316 2492 464 2544 flayiti
483 2492 617 2531 Goetz
634 2492 782 2544 lately.

219 2561 297 2600 ΕΗ.
326 2562 385 2598 14.
423 2561 490 2607 (10
510 2559 599 2606 LG,
626 2561 673 2599 16
694 2559 814 2608 Leo.)
871 2559 1052 2607 Nonius,
1077 2573 1117 2611 p.
1143 2561 1218 2600 331
1241 2574 1272 2600 s.
1299 2574 1339 2601 v.
1364 2561 1580 2611 impedire.

218 2627 296 2667 ΕΒ,
326 2630 386 2665 14.
423 2629 463 2675 (S
484 2626 573 2675 LG,
599 2628 646 2669 17
669 2627 787 2674 Leo.)
845 2625 1028 2675 Nonius,
1051 2641 1091 2678 p.
1117 2630 1194 2668 453
1215 2641 1245 2667 s.
1272 2641 1311 2668 v.
1337 2628 1514 2679 inyredi.
