<?xml version="1.0" encoding="UTF-8"?>
<!DOCTYPE html PUBLIC "-//W3C//DTD XHTML 1.0 Transitional//EN"
    "http://www.w3.org/TR/xhtml1/DTD/xhtml1-transitional.dtd">
<html xmlns="http://www.w3.org/1999/xhtml" xml:lang="en" lang="en">
 <head>
  <title>
</title>
<meta http-equiv="Content-Type" content="text/html;charset=utf-8" />
  <meta name='ocr-system' content='tesseract 3.04.00' />
  <meta name='ocr-capabilities' content='ocr_page ocr_carea ocr_par ocr_line ocrx_word'/>
</head>
<body>
  <div class='ocr_page' id='page_1' title='image "amphitruoeditedw00plauuoft_0066.png"; bbox 0 0 1839 3010; ppageno 0'>
   <div class='ocr_carea' id='block_1_1' title="bbox 177 300 1664 367">
    <p class='ocr_par' dir='ltr' id='par_1_1' title="bbox 177 300 1664 367">
     <span class='ocr_line' id='line_1_1' title="bbox 177 300 1664 367; baseline 0.008 -21"><span class='ocrx_word' id='word_1_1' title='bbox 177 301 206 346; x_wconf 84' lang='lat'>6</span> <span class='ocrx_word' id='word_1_2' title='bbox 707 300 755 347; x_wconf 87' lang='lat' dir='ltr'><em>A</em></span> <span class='ocrx_word' id='word_1_3' title='bbox 763 300 1031 349; x_wconf 74' lang='lat' dir='ltr'><em>MPHJTR</em></span> <span class='ocrx_word' id='word_1_4' title='bbox 1041 301 1133 349; x_wconf 79' lang='lat' dir='ltr'>VO.</span> <span class='ocrx_word' id='word_1_5' title='bbox 1513 319 1664 367; x_wconf 80' lang='lat'><strong>[12-32</strong></span> 
     </span>
    </p>
   </div>
   <div class='ocr_carea' id='block_1_2' title="bbox 152 423 1668 2098">
    <p class='ocr_par' dir='ltr' id='par_1_2' title="bbox 152 423 1663 809">
     <span class='ocr_line' id='line_1_2' title="bbox 177 423 1530 490; baseline 0.004 -20"><span class='ocrx_word' id='word_1_6' title='bbox 177 423 243 470; x_wconf 82' lang='lat' dir='ltr'>mi</span> <span class='ocrx_word' id='word_1_7' title='bbox 278 439 381 471; x_wconf 89' lang='lat' dir='ltr'>esse</span> <span class='ocrx_word' id='word_1_8' title='bbox 416 423 477 472; x_wconf 90' lang='lat' dir='ltr'>ab</span> <span class='ocrx_word' id='word_1_9' title='bbox 513 423 590 471; x_wconf 91' lang='lat' dir='ltr'>dis</span> <span class='ocrx_word' id='word_1_10' title='bbox 626 423 747 482; x_wconf 80' lang='lat' dir='ltr'>aliis,</span> <span class='ocrx_word' id='word_1_11' title='bbox 785 425 974 473; x_wconf 89' lang='lat' dir='ltr'>nuntiis</span> <span class='ocrx_word' id='word_1_12' title='bbox 1010 426 1219 489; x_wconf 82' lang='lat' dir='ltr'>praesim</span> <span class='ocrx_word' id='word_1_13' title='bbox 1258 433 1307 474; x_wconf 87' lang='lat' dir='ltr'>et</span> <span class='ocrx_word' id='word_1_14' title='bbox 1342 427 1530 490; x_wconf 89' lang='lat' dir='ltr'>lucro):</span> 
     </span>
     <span class='ocr_line' id='line_1_3' title="bbox 176 503 1246 568; baseline 0.004 -18"><span class='ocrx_word' id='word_1_15' title='bbox 176 503 293 551; x_wconf 87' lang='lat' dir='ltr'>haec</span> <span class='ocrx_word' id='word_1_16' title='bbox 328 509 385 551; x_wconf 88' lang='lat' dir='ltr'>ut</span> <span class='ocrx_word' id='word_1_17' title='bbox 418 520 496 551; x_wconf 90' lang='lat' dir='ltr'>me</span> <span class='ocrx_word' id='word_1_18' title='bbox 531 503 680 552; x_wconf 87' lang='lat' dir='ltr'>voltis</span> <span class='ocrx_word' id='word_1_19' title='bbox 716 505 999 568; x_wconf 87' lang='lat' dir='ltr'>adprobare,</span> <span class='ocrx_word' id='word_1_20' title='bbox 1033 506 1246 555; x_wconf 83' lang='lat' dir='ltr'>adnitier</span> 
     </span>
     <span class='ocr_line' id='line_1_4' title="bbox 152 584 1404 650; baseline 0.004 -19"><span class='ocrx_word' id='word_1_21' title='bbox 152 584 364 632; x_wconf 86' lang='lat' dir='ltr'>lucrum</span> <span class='ocrx_word' id='word_1_22' title='bbox 398 590 455 631; x_wconf 92' lang='lat' dir='ltr'>ut</span> <span class='ocrx_word' id='word_1_23' title='bbox 489 601 703 648; x_wconf 88' lang='lat' dir='ltr'>perenne</span> <span class='ocrx_word' id='word_1_24' title='bbox 739 585 879 633; x_wconf 87' lang='lat' dir='ltr'>vobis</span> <span class='ocrx_word' id='word_1_25' title='bbox 915 603 1107 650; x_wconf 83' lang='lat' dir='ltr'>semper</span> <span class='ocrx_word' id='word_1_26' title='bbox 1142 594 1404 650; x_wconf 88' lang='lat' dir='ltr'>suppetat:</span> 
     </span>
     <span class='ocr_line' id='line_1_5' title="bbox 174 664 1663 716; baseline 0.003 -4"><span class='ocrx_word' id='word_1_27' title='bbox 174 666 244 712; x_wconf 89' lang='lat' dir='ltr'>ita</span> <span class='ocrx_word' id='word_1_28' title='bbox 278 665 391 713; x_wconf 92' lang='lat' dir='ltr'>huic</span> <span class='ocrx_word' id='word_1_29' title='bbox 426 664 615 713; x_wconf 85' lang='lat' dir='ltr'>facietis</span> <span class='ocrx_word' id='word_1_30' title='bbox 651 665 845 713; x_wconf 87' lang='lat' dir='ltr'>fabulae</span> <span class='ocrx_word' id='word_1_31' title='bbox 883 667 1134 714; x_wconf 87' lang='lat' dir='ltr'>silentium</span> <span class='ocrx_word' id='word_1_32' title='bbox 1606 671 1663 716; x_wconf 88' lang='lat'>15</span> 
     </span>
     <span class='ocr_line' id='line_1_6' title="bbox 176 745 1473 809; baseline 0.003 -17"><span class='ocrx_word' id='word_1_33' title='bbox 176 746 339 809; x_wconf 86' lang='lat' dir='ltr'>itaque</span> <span class='ocrx_word' id='word_1_34' title='bbox 375 745 517 808; x_wconf 88' lang='lat' dir='ltr'>aequi</span> <span class='ocrx_word' id='word_1_35' title='bbox 555 752 603 793; x_wconf 87' lang='lat' dir='ltr'>et</span> <span class='ocrx_word' id='word_1_36' title='bbox 639 746 756 793; x_wconf 84' lang='lat' dir='ltr'>iusti</span> <span class='ocrx_word' id='word_1_37' title='bbox 792 746 871 794; x_wconf 91' lang='lat' dir='ltr'>hic</span> <span class='ocrx_word' id='word_1_38' title='bbox 908 747 1045 794; x_wconf 88' lang='lat' dir='ltr'>eritis</span> <span class='ocrx_word' id='word_1_39' title='bbox 1081 764 1249 795; x_wconf 87' lang='lat' dir='ltr'>omnes</span> <span class='ocrx_word' id='word_1_40' title='bbox 1285 749 1473 796; x_wconf 78' lang='lat' dir='ltr'>arbitri.</span> 
     </span>
    </p>

    <p class='ocr_par' dir='ltr' id='par_1_3' title="bbox 176 825 1668 2098">
     <span class='ocr_line' id='line_1_7' title="bbox 307 825 1663 891; baseline 0.004 -19"><span class='ocrx_word' id='word_1_41' title='bbox 307 825 449 873; x_wconf 90' lang='lat' dir='ltr'>Nunc</span> <span class='ocrx_word' id='word_1_42' title='bbox 475 826 648 889; x_wconf 82' lang='lat' dir='ltr'>quoius</span> <span class='ocrx_word' id='word_1_43' title='bbox 673 826 810 874; x_wconf 87' lang='lat' dir='ltr'>iussu</span> <span class='ocrx_word' id='word_1_44' title='bbox 829 827 974 875; x_wconf 86' lang='lat' dir='ltr'>venio</span> <span class='ocrx_word' id='word_1_45' title='bbox 1000 834 1049 875; x_wconf 90' lang='lat' dir='ltr'>et</span> <span class='ocrx_word' id='word_1_46' title='bbox 1068 845 1215 891; x_wconf 88' lang='lat' dir='ltr'>quam</span> <span class='ocrx_word' id='word_1_47' title='bbox 1241 829 1302 876; x_wconf 91' lang='lat' dir='ltr'>ob</span> <span class='ocrx_word' id='word_1_48' title='bbox 1321 845 1426 876; x_wconf 88' lang='lat' dir='ltr'>rem</span> <span class='ocrx_word' id='word_1_49' title='bbox 1444 830 1663 877; x_wconf 81' lang='lat' dir='ltr'>venerim</span> 
     </span>
     <span class='ocr_line' id='line_1_8' title="bbox 177 906 1415 970; baseline 0.002 -16"><span class='ocrx_word' id='word_1_50' title='bbox 177 907 333 954; x_wconf 88' lang='lat' dir='ltr'>dicam</span> <span class='ocrx_word' id='word_1_51' title='bbox 370 906 612 969; x_wconf 85' lang='lat' dir='ltr'>simulque</span> <span class='ocrx_word' id='word_1_52' title='bbox 649 907 752 970; x_wconf 89' lang='lat' dir='ltr'>ipse</span> <span class='ocrx_word' id='word_1_53' title='bbox 790 906 991 970; x_wconf 91' lang='lat' dir='ltr'>eloquar</span> <span class='ocrx_word' id='word_1_54' title='bbox 1025 924 1202 956; x_wconf 91' lang='lat' dir='ltr'>nomen</span> <span class='ocrx_word' id='word_1_55' title='bbox 1240 924 1415 956; x_wconf 87' lang='lat' dir='ltr'>meum.</span> 
     </span>
     <span class='ocr_line' id='line_1_9' title="bbox 176 986 1419 1046; baseline 0.002 -12"><span class='ocrx_word' id='word_1_56' title='bbox 176 987 308 1034; x_wconf 87' lang='lat' dir='ltr'>Iovis</span> <span class='ocrx_word' id='word_1_57' title='bbox 342 986 479 1034; x_wconf 69' lang='grc'>1113311</span> <span class='ocrx_word' id='word_1_58' title='bbox 514 988 660 1034; x_wconf 71' lang='lat' dir='ltr'>venio</span> <span class='ocrx_word' id='word_1_59' title='bbox 678 1006 689 1046; x_wconf 74' lang='lat'>3</span> <span class='ocrx_word' id='word_1_60' title='bbox 739 1003 918 1035; x_wconf 87' lang='lat' dir='ltr'>nomen</span> <span class='ocrx_word' id='word_1_61' title='bbox 954 987 1250 1037; x_wconf 87' lang='lat' dir='ltr'>Mercuriost</span> <span class='ocrx_word' id='word_1_62' title='bbox 1285 990 1419 1037; x_wconf 85' lang='lat' dir='ltr'>mihi.</span> 
     </span>
     <span class='ocr_line' id='line_1_10' title="bbox 178 1066 1665 1130; baseline 0.002 -16"><span class='ocrx_word' id='word_1_63' title='bbox 178 1073 315 1130; x_wconf 86' lang='lat' dir='ltr'>pater</span> <span class='ocrx_word' id='word_1_64' title='bbox 348 1066 443 1114; x_wconf 90' lang='lat' dir='ltr'>huc</span> <span class='ocrx_word' id='word_1_65' title='bbox 478 1083 555 1114; x_wconf 91' lang='lat' dir='ltr'>me</span> <span class='ocrx_word' id='word_1_66' title='bbox 591 1067 727 1114; x_wconf 85' lang='lat' dir='ltr'>misit</span> <span class='ocrx_word' id='word_1_67' title='bbox 763 1067 825 1114; x_wconf 89' lang='lat' dir='ltr'>ad</span> <span class='ocrx_word' id='word_1_68' title='bbox 861 1084 947 1115; x_wconf 87' lang='lat' dir='ltr'>vos</span> <span class='ocrx_word' id='word_1_69' title='bbox 985 1076 1179 1116; x_wconf 75' lang='lat' dir='ltr'>oratum</span> <span class='ocrx_word' id='word_1_70' title='bbox 1215 1086 1366 1127; x_wconf 84' lang='lat' dir='ltr'>meus,</span> <span class='ocrx_word' id='word_1_71' title='bbox 1605 1073 1665 1118; x_wconf 82' lang='lat'>20</span> 
     </span>
     <span class='ocr_line' id='line_1_11' title="bbox 177 1147 1499 1211; baseline 0.002 -17"><span class='ocrx_word' id='word_1_72' title='bbox 177 1155 278 1195; x_wconf 90' lang='lat' dir='ltr'>tam</span> <span class='ocrx_word' id='word_1_73' title='bbox 313 1150 406 1195; x_wconf 80' lang='lat' dir='ltr'>etsi</span> <span class='ocrx_word' id='word_1_74' title='bbox 439 1164 529 1210; x_wconf 92' lang='lat' dir='ltr'>pro</span> <span class='ocrx_word' id='word_1_75' title='bbox 564 1147 771 1210; x_wconf 88' lang='lat' dir='ltr'>imperio</span> <span class='ocrx_word' id='word_1_76' title='bbox 807 1147 947 1195; x_wconf 77' lang='lat' dir='ltr'>vobis</span> <span class='ocrx_word' id='word_1_77' title='bbox 983 1148 1116 1211; x_wconf 86' lang='lat' dir='ltr'>quod</span> <span class='ocrx_word' id='word_1_78' title='bbox 1153 1149 1339 1196; x_wconf 83' lang='lat' dir='ltr'>(lictum</span> <span class='ocrx_word' id='word_1_79' title='bbox 1374 1150 1499 1197; x_wconf 85' lang='lat' dir='ltr'>foret</span> 
     </span>
     <span class='ocr_line' id='line_1_12' title="bbox 177 1228 1285 1291; baseline 0.002 -16"><span class='ocrx_word' id='word_1_80' title='bbox 177 1229 330 1276; x_wconf 83' lang='lat' dir='ltr'>scibat</span> <span class='ocrx_word' id='word_1_81' title='bbox 363 1228 591 1281; x_wconf 77' lang='lat' dir='ltr'>facturoS,</span> <span class='ocrx_word' id='word_1_82' title='bbox 632 1228 813 1291; x_wconf 85' lang='lat' dir='ltr'>quippe</span> <span class='ocrx_word' id='word_1_83' title='bbox 849 1229 934 1291; x_wconf 87' lang='lat' dir='ltr'>qui</span> <span class='ocrx_word' id='word_1_84' title='bbox 969 1228 1285 1277; x_wconf 72' lang='lat' dir='ltr'>intellexerat</span> 
     </span>
     <span class='ocr_line' id='line_1_13' title="bbox 177 1308 1628 1372; baseline 0.002 -17"><span class='ocrx_word' id='word_1_85' title='bbox 177 1308 334 1356; x_wconf 85' lang='lat' dir='ltr'>vereri</span> <span class='ocrx_word' id='word_1_86' title='bbox 370 1325 455 1356; x_wconf 85' lang='lat' dir='ltr'>vos</span> <span class='ocrx_word' id='word_1_87' title='bbox 492 1325 541 1355; x_wconf 89' lang='lat' dir='ltr'>se</span> <span class='ocrx_word' id='word_1_88' title='bbox 579 1315 627 1355; x_wconf 91' lang='lat' dir='ltr'>et</span> <span class='ocrx_word' id='word_1_89' title='bbox 662 1316 895 1370; x_wconf 87' lang='lat' dir='ltr'>metuere,</span> <span class='ocrx_word' id='word_1_90' title='bbox 935 1309 1006 1356; x_wconf 87' lang='lat' dir='ltr'>ita</span> <span class='ocrx_word' id='word_1_91' title='bbox 1040 1316 1098 1356; x_wconf 92' lang='lat' dir='ltr'>ut</span> <span class='ocrx_word' id='word_1_92' title='bbox 1135 1319 1390 1372; x_wconf 74' lang='lat' dir='ltr'>aequomst</span> <span class='ocrx_word' id='word_1_93' title='bbox 1426 1311 1628 1372; x_wconf 79' lang='lat' dir='ltr'>Iovem3</span> 
     </span>
     <span class='ocr_line' id='line_1_14' title="bbox 176 1389 1300 1453; baseline 0.001 -16"><span class='ocrx_word' id='word_1_94' title='bbox 176 1406 348 1438; x_wconf 86' lang='lat' dir='ltr'>verum</span> <span class='ocrx_word' id='word_1_95' title='bbox 384 1389 602 1452; x_wconf 86' lang='lat' dir='ltr'>profecto</span> <span class='ocrx_word' id='word_1_96' title='bbox 638 1389 730 1436; x_wconf 92' lang='lat' dir='ltr'>hoc</span> <span class='ocrx_word' id='word_1_97' title='bbox 765 1396 932 1451; x_wconf 89' lang='lat' dir='ltr'>petere</span> <span class='ocrx_word' id='word_1_98' title='bbox 969 1406 1046 1437; x_wconf 88' lang='lat' dir='ltr'>me</span> <span class='ocrx_word' id='word_1_99' title='bbox 1082 1391 1300 1453; x_wconf 87' lang='lat' dir='ltr'>precario</span> 
     </span>
     <span class='ocr_line' id='line_1_15' title="bbox 178 1469 1666 1518; baseline 0 0"><span class='ocrx_word' id='word_1_100' title='bbox 178 1488 205 1518; x_wconf 91' lang='lat' dir='ltr'>a</span> <span class='ocrx_word' id='word_1_101' title='bbox 239 1469 379 1518; x_wconf 84' lang='lat' dir='ltr'>vobis</span> <span class='ocrx_word' id='word_1_102' title='bbox 414 1469 556 1517; x_wconf 83' lang='lat' dir='ltr'>iussit</span> <span class='ocrx_word' id='word_1_103' title='bbox 594 1469 772 1517; x_wconf 84' lang='lat' dir='ltr'>leniter</span> <span class='ocrx_word' id='word_1_104' title='bbox 808 1469 953 1517; x_wconf 88' lang='lat' dir='ltr'>dictis</span> <span class='ocrx_word' id='word_1_105' title='bbox 989 1471 1140 1518; x_wconf 89' lang='lat' dir='ltr'>bonis.</span> <span class='ocrx_word' id='word_1_106' title='bbox 1255 1502 1258 1503; x_wconf 26' lang='grc' dir='ltr'><em>ν</em></span> <span class='ocrx_word' id='word_1_107' title='bbox 1607 1475 1666 1518; x_wconf 76' lang='grc'>’25</span> 
     </span>
     <span class='ocr_line' id='line_1_16' title="bbox 179 1549 1470 1616; baseline 0.001 -18"><span class='ocrx_word' id='word_1_108' title='bbox 179 1551 362 1599; x_wconf 85' lang='lat' dir='ltr'>etenim</span> <span class='ocrx_word' id='word_1_109' title='bbox 398 1550 495 1609; x_wconf 84' lang='lat' dir='ltr'>ille,</span> <span class='ocrx_word' id='word_1_110' title='bbox 534 1554 708 1613; x_wconf 79' lang='lat' dir='ltr'>quoius</span> <span class='ocrx_word' id='word_1_111' title='bbox 743 1549 838 1597; x_wconf 92' lang='lat' dir='ltr'>huc</span> <span class='ocrx_word' id='word_1_112' title='bbox 875 1551 1011 1598; x_wconf 84' lang='lat' dir='ltr'>iussu</span> <span class='ocrx_word' id='word_1_113' title='bbox 1046 1552 1206 1610; x_wconf 80' lang='lat' dir='ltr'>venio,</span> <span class='ocrx_word' id='word_1_114' title='bbox 1245 1553 1470 1616; x_wconf 83' lang='lat' dir='ltr'>Iuppiter</span> 
     </span>
     <span class='ocr_line' id='line_1_17' title="bbox 177 1631 1634 1694; baseline 0.001 -15"><span class='ocrx_word' id='word_1_115' title='bbox 177 1649 277 1679; x_wconf 90' lang='lat' dir='ltr'>non</span> <span class='ocrx_word' id='word_1_116' title='bbox 310 1631 474 1679; x_wconf 89' lang='lat' dir='ltr'>minus</span> <span class='ocrx_word' id='word_1_117' title='bbox 514 1647 661 1694; x_wconf 90' lang='lat' dir='ltr'>quam</span> <span class='ocrx_word' id='word_1_118' title='bbox 697 1637 919 1678; x_wconf 66' lang='lat' dir='ltr'>vostrum</span> <span class='ocrx_word' id='word_1_119' title='bbox 956 1631 1116 1694; x_wconf 82' lang='lat' dir='ltr'>quivis</span> <span class='ocrx_word' id='word_1_120' title='bbox 1151 1632 1387 1680; x_wconf 78' lang='lat' dir='ltr'>formidat</span> <span class='ocrx_word' id='word_1_121' title='bbox 1422 1634 1634 1681; x_wconf 88' lang='lat' dir='ltr'>malum:</span> 
     </span>
     <span class='ocr_line' id='line_1_18' title="bbox 179 1711 1208 1775; baseline 0 -16"><span class='ocrx_word' id='word_1_122' title='bbox 179 1714 394 1760; x_wconf 88' lang='lat' dir='ltr'>humana</span> <span class='ocrx_word' id='word_1_123' title='bbox 427 1718 584 1759; x_wconf 88' lang='lat' dir='ltr'>matre</span> <span class='ocrx_word' id='word_1_124' title='bbox 620 1717 780 1768; x_wconf 88' lang='lat' dir='ltr'>natus,</span> <span class='ocrx_word' id='word_1_125' title='bbox 818 1711 1033 1759; x_wconf 84' lang='lat' dir='ltr'>humano</span> <span class='ocrx_word' id='word_1_126' title='bbox 1071 1720 1208 1775; x_wconf 84' lang='lat' dir='ltr'>patre</span> 
     </span>
     <span class='ocr_line' id='line_1_19' title="bbox 178 1792 1365 1855; baseline 0 -15"><span class='ocrx_word' id='word_1_127' title='bbox 178 1793 345 1840; x_wconf 89' lang='lat' dir='ltr'>mirari</span> <span class='ocrx_word' id='word_1_128' title='bbox 379 1809 478 1839; x_wconf 91' lang='lat' dir='ltr'>non</span> <span class='ocrx_word' id='word_1_129' title='bbox 516 1800 589 1838; x_wconf 87' lang='lat' dir='ltr'>est</span> <span class='ocrx_word' id='word_1_130' title='bbox 625 1808 847 1854; x_wconf 88' lang='lat' dir='ltr'>aequom,</span> <span class='ocrx_word' id='word_1_131' title='bbox 887 1792 979 1839; x_wconf 88' lang='lat' dir='ltr'>sibi</span> <span class='ocrx_word' id='word_1_132' title='bbox 1016 1792 1056 1839; x_wconf 86' lang='lat' dir='ltr'>si</span> <span class='ocrx_word' id='word_1_133' title='bbox 1091 1793 1365 1855; x_wconf 84' lang='lat' dir='ltr'>praetimet.</span> 
     </span>
     <span class='ocr_line' id='line_1_20' title="bbox 179 1873 1668 1937; baseline -0.003 -15"><span class='ocrx_word' id='word_1_134' title='bbox 179 1882 325 1937; x_wconf 82' lang='lat' dir='ltr'>atque</span> <span class='ocrx_word' id='word_1_135' title='bbox 361 1889 450 1936; x_wconf 81' lang='lat' dir='ltr'>ego</span> <span class='ocrx_word' id='word_1_136' title='bbox 488 1889 682 1935; x_wconf 83' lang='lat' dir='ltr'>quoque</span> <span class='ocrx_word' id='word_1_137' title='bbox 721 1873 882 1931; x_wconf 86' lang='lat' dir='ltr'>etiam,</span> <span class='ocrx_word' id='word_1_138' title='bbox 923 1873 1005 1935; x_wconf 93' lang='lat' dir='ltr'>qui</span> <span class='ocrx_word' id='word_1_139' title='bbox 1042 1873 1175 1920; x_wconf 80' lang='lat' dir='ltr'>Iovis</span> <span class='ocrx_word' id='word_1_140' title='bbox 1212 1889 1320 1920; x_wconf 90' lang='lat' dir='ltr'>sum</span> <span class='ocrx_word' id='word_1_141' title='bbox 1355 1874 1496 1932; x_wconf 89' lang='lat' dir='ltr'>filius,</span> <span class='ocrx_word' id='word_1_142' title='bbox 1607 1877 1668 1922; x_wconf 79' lang='lat'>30</span> 
     </span>
     <span class='ocr_line' id='line_1_21' title="bbox 179 1953 1227 2017; baseline -0.002 -15"><span class='ocrx_word' id='word_1_143' title='bbox 179 1954 469 2017; x_wconf 84' lang='lat' dir='ltr'>contagione</span> <span class='ocrx_word' id='word_1_144' title='bbox 505 1958 602 2000; x_wconf 80' lang='lat' dir='ltr'>mei</span> <span class='ocrx_word' id='word_1_145' title='bbox 637 1953 791 2016; x_wconf 83' lang='lat' dir='ltr'>patris</span> <span class='ocrx_word' id='word_1_146' title='bbox 827 1960 995 2001; x_wconf 84' lang='lat' dir='ltr'>metuo</span> <span class='ocrx_word' id='word_1_147' title='bbox 1030 1953 1227 2001; x_wconf 85' lang='lat' dir='ltr'>malum.</span> 
     </span>
     <span class='ocr_line' id='line_1_22' title="bbox 179 2033 1393 2098; baseline -0.001 -16"><span class='ocrx_word' id='word_1_148' title='bbox 179 2042 437 2098; x_wconf 86' lang='lat' dir='ltr'>propterea</span> <span class='ocrx_word' id='word_1_149' title='bbox 472 2051 642 2097; x_wconf 83' lang='lat' dir='ltr'>pacem</span> <span class='ocrx_word' id='word_1_150' title='bbox 678 2033 888 2080; x_wconf 80' lang='lat' dir='ltr'>advenio</span> <span class='ocrx_word' id='word_1_151' title='bbox 926 2041 975 2081; x_wconf 89' lang='lat' dir='ltr'>et</span> <span class='ocrx_word' id='word_1_152' title='bbox 1012 2033 1072 2080; x_wconf 87' lang='lat' dir='ltr'>ad</span> <span class='ocrx_word' id='word_1_153' title='bbox 1108 2051 1195 2081; x_wconf 72' lang='lat' dir='ltr'>vos</span> <span class='ocrx_word' id='word_1_154' title='bbox 1231 2035 1393 2081; x_wconf 86' lang='lat' dir='ltr'>affero.</span> 
     </span>
    </p>
   </div>
   <div class='ocr_carea' id='block_1_3' title="bbox 178 2156 1668 2680">
    <p class='ocr_par' dir='ltr' id='par_1_4' title="bbox 178 2156 1668 2680">
     <span class='ocr_line' id='line_1_23' title="bbox 182 2156 1667 2205; baseline 0.001 -10"><span class='ocrx_word' id='word_1_155' title='bbox 182 2159 242 2196; x_wconf 84' lang='lat'>13.</span> <span class='ocrx_word' id='word_1_156' title='bbox 275 2169 325 2196; x_wconf 85' lang='lat' dir='ltr'>ac</span> <span class='ocrx_word' id='word_1_157' title='bbox 350 2156 487 2205; x_wconf 75' lang='lat' dir='ltr'>nitier,</span> <span class='ocrx_word' id='word_1_158' title='bbox 511 2156 671 2195; x_wconf 88' lang='lat' dir='ltr'>Aldine</span> <span class='ocrx_word' id='word_1_159' title='bbox 698 2156 887 2197; x_wconf 76' lang='lat' dir='ltr'>ed.—lT.</span> <span class='ocrx_word' id='word_1_160' title='bbox 924 2157 1038 2195; x_wconf 58' lang='lat' dir='ltr'>cuius</span> <span class='ocrx_word' id='word_1_161' title='bbox 1068 2156 1129 2203; x_wconf 89' lang='grc' dir='ltr'>Μ,</span> <span class='ocrx_word' id='word_1_162' title='bbox 1162 2157 1248 2195; x_wconf 86' lang='lat' dir='ltr'>and</span> <span class='ocrx_word' id='word_1_163' title='bbox 1279 2171 1325 2196; x_wconf 84' lang='lat' dir='ltr'>so</span> <span class='ocrx_word' id='word_1_164' title='bbox 1356 2157 1423 2196; x_wconf 86' lang='lat' dir='ltr'>for</span> <span class='ocrx_word' id='word_1_165' title='bbox 1453 2158 1528 2196; x_wconf 88' lang='lat' dir='ltr'>the</span> <span class='ocrx_word' id='word_1_166' title='bbox 1557 2166 1667 2198; x_wconf 87' lang='lat' dir='ltr'>most</span> 
     </span>
     <span class='ocr_line' id='line_1_24' title="bbox 178 2224 1661 2276; baseline 0.001 -13"><span class='ocrx_word' id='word_1_167' title='bbox 178 2225 413 2276; x_wconf 60' lang='lat' dir='ltr'>part—19.</span> <span class='ocrx_word' id='word_1_168' title='bbox 448 2224 665 2271; x_wconf 68' lang='lat' dir='ltr'>Illercurz&#39;z&#39;,</span> <span class='ocrx_word' id='word_1_169' title='bbox 697 2237 745 2262; x_wconf 85' lang='lat' dir='ltr'>or</span> <span class='ocrx_word' id='word_1_170' title='bbox 772 2224 837 2272; x_wconf 57' lang='grc' dir='ltr'>(εὶ)</span> <span class='ocrx_word' id='word_1_171' title='bbox 863 2224 922 2271; x_wconf 96' lang='grc' dir='ltr'>Μ,</span> <span class='ocrx_word' id='word_1_172' title='bbox 958 2237 1061 2263; x_wconf 86' lang='lat' dir='ltr'>corr.</span> <span class='ocrx_word' id='word_1_173' title='bbox 1097 2226 1277 2264; x_wconf 83' lang='lat' dir='ltr'>m.—‘.26.</span> <span class='ocrx_word' id='word_1_174' title='bbox 1311 2225 1468 2275; x_wconf 75' lang='lat' dir='ltr'>iupiter</span> <span class='ocrx_word' id='word_1_175' title='bbox 1487 2225 1661 2266; x_wconf 83' lang='lat' dir='ltr'>D.—29.</span> 
     </span>
     <span class='ocr_line' id='line_1_25' title="bbox 178 2290 1668 2342; baseline 0.001 -13"><span class='ocrx_word' id='word_1_176' title='bbox 178 2292 214 2330; x_wconf 70' lang='lat' dir='ltr'>si</span> <span class='ocrx_word' id='word_1_177' title='bbox 251 2291 329 2331; x_wconf 77' lang='lat' dir='ltr'>sibi</span> <span class='ocrx_word' id='word_1_178' title='bbox 365 2291 541 2331; x_wconf 89' lang='lat' dir='ltr'>D.-30.</span> <span class='ocrx_word' id='word_1_179' title='bbox 586 2304 676 2329; x_wconf 74' lang='lat' dir='ltr'>sum</span> <span class='ocrx_word' id='word_1_180' title='bbox 716 2291 777 2338; x_wconf 89' lang='grc' dir='ltr'>Μ,</span> <span class='ocrx_word' id='word_1_181' title='bbox 820 2291 1004 2342; x_wconf 85' lang='lat' dir='ltr'>perhaps</span> <span class='ocrx_word' id='word_1_182' title='bbox 1042 2290 1155 2330; x_wconf 67' lang='lat' dir='ltr'>sim:</span> <span class='ocrx_word' id='word_1_183' title='bbox 1219 2291 1271 2330; x_wconf 86' lang='lat' dir='ltr'>cf.</span> <span class='ocrx_word' id='word_1_184' title='bbox 1324 2293 1515 2333; x_wconf 83' lang='lat'>57.—3·2.</span> <span class='ocrx_word' id='word_1_185' title='bbox 1562 2305 1668 2342; x_wconf 77' lang='lat' dir='ltr'>pace</span> 
     </span>
     <span class='ocr_line' id='line_1_26' title="bbox 180 2358 1667 2411; baseline 0.001 -15"><span class='ocrx_word' id='word_1_186' title='bbox 180 2361 190 2401; x_wconf 77' lang='lat'><em>&lt;</em></span> <span class='ocrx_word' id='word_1_187' title='bbox 196 2372 341 2409; x_wconf 78' lang='lat' dir='ltr'>pacem</span> <span class='ocrx_word' id='word_1_188' title='bbox 361 2359 413 2407; x_wconf 91' lang='grc' dir='ltr'>Ε)</span> <span class='ocrx_word' id='word_1_189' title='bbox 435 2359 614 2397; x_wconf 76' lang='lat' dir='ltr'>aduenio</span> <span class='ocrx_word' id='word_1_190' title='bbox 634 2364 669 2396; x_wconf 74' lang='lat' dir='ltr'>et</span> <span class='ocrx_word' id='word_1_191' title='bbox 685 2371 833 2408; x_wconf 72' lang='lat' dir='ltr'>pacem</span> <span class='ocrx_word' id='word_1_192' title='bbox 854 2359 912 2396; x_wconf 80' lang='lat' dir='ltr'>ad</span> <span class='ocrx_word' id='word_1_193' title='bbox 934 2371 1000 2397; x_wconf 72' lang='lat' dir='ltr'>vos</span> <span class='ocrx_word' id='word_1_194' title='bbox 1020 2359 1147 2408; x_wconf 79' lang='lat' dir='ltr'>affero</span> <span class='ocrx_word' id='word_1_195' title='bbox 1169 2358 1229 2406; x_wconf 87' lang='grc' dir='ltr'>Μ,</span> <span class='ocrx_word' id='word_1_196' title='bbox 1254 2358 1432 2411; x_wconf 85' lang='lat' dir='ltr'>making</span> <span class='ocrx_word' id='word_1_197' title='bbox 1451 2360 1526 2398; x_wconf 85' lang='lat' dir='ltr'>the</span> <span class='ocrx_word' id='word_1_198' title='bbox 1547 2373 1667 2398; x_wconf 80' lang='lat' dir='ltr'>verse</span> 
     </span>
     <span class='ocr_line' id='line_1_27' title="bbox 180 2425 1667 2479; baseline 0 -13"><span class='ocrx_word' id='word_1_199' title='bbox 180 2441 204 2465; x_wconf 84' lang='lat' dir='ltr'>a</span> <span class='ocrx_word' id='word_1_200' title='bbox 223 2426 404 2479; x_wconf 86' lang='lat' dir='ltr'>syllable</span> <span class='ocrx_word' id='word_1_201' title='bbox 423 2430 495 2465; x_wconf 83' lang='lat' dir='ltr'>too</span> <span class='ocrx_word' id='word_1_202' title='bbox 515 2426 626 2478; x_wconf 76' lang='lat' dir='ltr'>long.</span> <span class='ocrx_word' id='word_1_203' title='bbox 677 2427 776 2476; x_wconf 71' lang='lat' dir='ltr'>fero</span> <span class='ocrx_word' id='word_1_204' title='bbox 799 2426 1034 2473; x_wconf 84' lang='lat' dir='ltr'>Acidalius,</span> <span class='ocrx_word' id='word_1_205' title='bbox 1059 2425 1148 2473; x_wconf 82' lang='lat' dir='ltr'>LG,</span> <span class='ocrx_word' id='word_1_206' title='bbox 1174 2426 1271 2474; x_wconf 85' lang='lat' dir='ltr'>Leo,</span> <span class='ocrx_word' id='word_1_207' title='bbox 1299 2426 1459 2479; x_wconf 88' lang='lat' dir='ltr'>Ussing</span> <span class='ocrx_word' id='word_1_208' title='bbox 1479 2443 1488 2466; x_wconf 77' lang='lat' dir='ltr'><em>z</em></span> <span class='ocrx_word' id='word_1_209' title='bbox 1531 2427 1554 2466; x_wconf 94' lang='lat' dir='ltr'>I</span> <span class='ocrx_word' id='word_1_210' title='bbox 1579 2440 1667 2466; x_wconf 81' lang='lat' dir='ltr'>was</span> 
     </span>
     <span class='ocr_line' id='line_1_28' title="bbox 179 2493 1666 2544; baseline -0.001 -10"><span class='ocrx_word' id='word_1_211' title='bbox 179 2494 368 2534; x_wconf 87' lang='lat' dir='ltr'>inclined</span> <span class='ocrx_word' id='word_1_212' title='bbox 387 2497 432 2533; x_wconf 80' lang='lat' dir='ltr'>to</span> <span class='ocrx_word' id='word_1_213' title='bbox 453 2494 588 2533; x_wconf 75' lang='lat' dir='ltr'>strike</span> <span class='ocrx_word' id='word_1_214' title='bbox 609 2498 685 2532; x_wconf 87' lang='lat' dir='ltr'>out</span> <span class='ocrx_word' id='word_1_215' title='bbox 702 2507 847 2544; x_wconf 56' lang='lat' dir='ltr'>pamm</span> <span class='ocrx_word' id='word_1_216' title='bbox 868 2493 952 2532; x_wconf 82' lang='lat' dir='ltr'>and</span> <span class='ocrx_word' id='word_1_217' title='bbox 974 2494 1109 2532; x_wconf 86' lang='lat' dir='ltr'>insert</span> <span class='ocrx_word' id='word_1_218' title='bbox 1125 2507 1187 2532; x_wconf 79' lang='grc'>7710</span> <span class='ocrx_word' id='word_1_219' title='bbox 1207 2493 1352 2533; x_wconf 80' lang='lat' dir='ltr'>before</span> <span class='ocrx_word' id='word_1_220' title='bbox 1372 2495 1537 2544; x_wconf 82' lang='lat' dir='ltr'>adfero,</span> <span class='ocrx_word' id='word_1_221' title='bbox 1557 2508 1666 2534; x_wconf 88' lang='lat' dir='ltr'>corn-</span> 
     </span>
     <span class='ocr_line' id='line_1_29' title="bbox 181 2560 1667 2614; baseline -0.001 -13"><span class='ocrx_word' id='word_1_222' title='bbox 181 2563 333 2614; x_wconf 84' lang='lat' dir='ltr'>paring</span> <span class='ocrx_word' id='word_1_223' title='bbox 360 2563 397 2602; x_wconf 88' lang='lat'>3.</span> <span class='ocrx_word' id='word_1_224' title='bbox 431 2563 468 2601; x_wconf 84' lang='lat'>4.</span> <span class='ocrx_word' id='word_1_225' title='bbox 503 2563 538 2608; x_wconf 85' lang='grc'>6,</span> <span class='ocrx_word' id='word_1_226' title='bbox 569 2561 655 2600; x_wconf 66' lang='lat' dir='ltr'>eins</span> <span class='ocrx_word' id='word_1_227' title='bbox 685 2563 798 2600; x_wconf 67' lang='lat' dir='ltr'>iussu</span> <span class='ocrx_word' id='word_1_228' title='bbox 830 2574 938 2601; x_wconf 74' lang='lat' dir='ltr'>nunc</span> <span class='ocrx_word' id='word_1_229' title='bbox 967 2561 1044 2600; x_wconf 73' lang='lat' dir='ltr'>huc</span> <span class='ocrx_word' id='word_1_230' title='bbox 1073 2574 1135 2599; x_wconf 79' lang='lat' dir='ltr'>me</span> <span class='ocrx_word' id='word_1_231' title='bbox 1165 2561 1325 2611; x_wconf 70' lang='lat' dir='ltr'>adfero,</span> <span class='ocrx_word' id='word_1_232' title='bbox 1362 2560 1441 2601; x_wconf 82' lang='lat' dir='ltr'>but</span> <span class='ocrx_word' id='word_1_233' title='bbox 1473 2561 1495 2600; x_wconf 93' lang='lat' dir='ltr'>I</span> <span class='ocrx_word' id='word_1_234' title='bbox 1525 2561 1667 2613; x_wconf 85' lang='lat' dir='ltr'>prefer</span> 
     </span>
     <span class='ocr_line' id='line_1_30' title="bbox 181 2628 1667 2680; baseline 0 -12"><span class='ocrx_word' id='word_1_235' title='bbox 181 2629 482 2669; x_wconf 81' lang='lat' dir='ltr'>Lindemann&#39;s</span> <span class='ocrx_word' id='word_1_236' title='bbox 511 2628 701 2680; x_wconf 82' lang='lat' dir='ltr'>reading,</span> <span class='ocrx_word' id='word_1_237' title='bbox 725 2641 875 2679; x_wconf 78' lang='lat' dir='ltr'>pacem</span> <span class='ocrx_word' id='word_1_238' title='bbox 898 2628 1075 2667; x_wconf 68' lang='lat' dir='ltr'>advenio</span> <span class='ocrx_word' id='word_1_239' title='bbox 1099 2633 1134 2667; x_wconf 72' lang='lat' dir='ltr'>el</span> <span class='ocrx_word' id='word_1_240' title='bbox 1162 2628 1221 2667; x_wconf 79' lang='lat' dir='ltr'>ad</span> <span class='ocrx_word' id='word_1_241' title='bbox 1249 2641 1317 2667; x_wconf 74' lang='lat' dir='ltr'>vos</span> <span class='ocrx_word' id='word_1_242' title='bbox 1345 2629 1509 2678; x_wconf 74' lang='lat' dir='ltr'>adfero,</span> <span class='ocrx_word' id='word_1_243' title='bbox 1534 2643 1559 2667; x_wconf 84' lang='lat' dir='ltr'>a</span> <span class='ocrx_word' id='word_1_244' title='bbox 1580 2634 1667 2668; x_wconf 85' lang='lat' dir='ltr'>tra-</span> 
     </span>
    </p>
   </div>
  </div>
 </body>
</html>
