1839 3010
170 298 373 346 276-283]
509 324 513 325 ff
597 286 662 333 A.
700 285 741 332 J.
780 284 866 333 SC.
905 284 946 332 I.
990 287 1228 333 113-127.
1598 291 1652 335 31

61 409 240 465 (120)ita
272 408 439 456 statim
477 414 610 455 stant
646 409 796 472 signa,
825 426 982 472 neque
1018 426 1119 457 nox
1155 427 1399 473 quoquam
1437 413 1660 460 concedit

438 487 531 536 die.

161 570 343 617 *MERQ
414 569 584 632 Perge,
624 569 753 627 Nox,
785 576 843 617 ut
879 571 1123 632 occepisti,
1160 588 1272 635 gere
1309 573 1438 634 patri
1474 590 1659 620 morem

435 666 575 698 meo:

168 736 373 793 optumo
407 737 606 792 optume
645 736 898 793 optumam
936 747 1135 794 operam
1172 732 1270 791 (las,
1300 732 1466 781 datam
1493 734 1659 796 pulcre

436 810 583 858 locas.

171 892 278 938 SOS.
353 891 526 953 Neque
575 908 662 954 ego
710 891 799 939 hac
847 899 990 940 nocte
1037 892 1308 956 longiorem
1355 911 1432 942 me
1479 895 1659 943 vidisse

436 989 620 1031 censeo,
1566 979 1658 1023 125

169 1052 263 1099 nisi
310 1054 349 1099 εἰ
394 1053 514 1100 item
555 1069 719 1111 unam,
770 1053 1054 1101 verberatus
1103 1071 1249 1117 quam
1296 1056 1509 1119 pependi
1556 1073 1660 1120 per-

433 1140 596 1196 petem
620 1152 629 1180 z

59 1228 151 1268 (125)
171 1216 277 1261 eam
325 1230 520 1276 quoque
569 1214 743 1277 edepol
792 1214 940 1262 etiam
981 1215 1139 1262 multo
1187 1215 1305 1264 haec
1347 1217 1467 1265 vicit
1507 1218 1660 1282 longi-

435 1294 620 1342 tudine.

167 1374 312 1422 credo
346 1374 520 1438 edepol
550 1375 778 1437 equidem
804 1375 1017 1423 dormire
1044 1375 1220 1436 Solem,
1249 1385 1397 1440 atque
1423 1379 1659 1443 adpotum

433 1455 586 1518 probe
609 1475 620 1515 3

168 1536 292 1583 mira
328 1542 444 1583 sunt
479 1536 573 1583 nisi
609 1536 843 1584 invitavit
879 1554 981 1586 sese
1017 1539 1067 1586 in
1106 1556 1224 1586 cena
1259 1539 1548 1602 plusculum.

171 1674 249 1712 sim
267 1673 350 1711 nisi
370 1673 451 1712 tibi.
514 1673 624 1712 [ἐπεὶ.
650 1676 686 1720 ,4.
713 1676 751 1713 ’7.
775 1677 854 1714 10:
883 1675 1014 1714 Fiunt
1035 1681 1284 1715 transennas
1303 1677 1374 1715 ubi
1393 1678 1661 1728 decipiuntur

169 1740 290 1779 dolis.
342 1740 457 1779 Tria.
487 1743 526 1779 2.
556 1743 593 1787 4.
624 1743 704 1780 1:38
721 1755 735 1783 .·
764 1742 884 1780 Nam
899 1743 1142 1793 fu-lslurz'tae
1167 1750 1261 1782 sun&
1287 1744 1473 1784 alternas
1492 1746 1660 1786 arbores

170 1810 234 1856 (or
249 1807 520 1858 fialfflcrz‘tas),
551 1808 676 1847 Poen.
703 1808 819 1848 Prol.
844 1812 898 1856 43
915 1824 928 1851 .·
959 1811 1083 1850 Nunc
1109 1811 1211 1850 dum
1236 1812 1442 1851 scriblitas
1467 1820 1660 1853 aestuant

167 1875 381 1915 occurrite.
442 1875 581 1914 These
617 1875 750 1915 forms
787 1876 898 1916 have
930 1881 1008 1917 not
1044 1877 1153 1917 been
1186 1879 1402 1930 accepted.
1478 1880 1563 1920 Leo
1595 1896 1656 1921 re-

168 1942 313 1982 marks
331 1959 340 1982 :
375 1945 386 1962 ‘
402 1943 547 1982 hiatus
567 1957 653 1982 11011
673 1944 901 1983 Plautinus
917 1945 992 1984 sed
1008 1945 1193 1985 Varroni
1211 1948 1372 1986 notus.’
1411 1948 1488 1987 See
1504 1949 1652 1990 Notes.

169 2012 312 2050 -122
347 2010 451 2049 This
470 2024 511 2050 V.
535 2011 572 2049 is
592 2011 718 2050 twice
744 2012 905 2063 quoted
930 2012 990 2063 by
1010 2012 1193 2061 Nonius,
1218 2027 1321 2053 once
1345 2028 1385 2066 p.
1412 2016 1502 2063 393,
1529 2018 1581 2056 8:
1611 2021 1658 2057 to

169 2090 314 2129 prove,
334 2077 474 2116 which
492 2078 528 2116 it
544 2077 645 2116 does
662 2081 752 2126 not,
771 2078 871 2117 that
890 2079 966 2117 the
986 2078 1080 2119 first
1096 2079 1279 2130 syllable
1294 2081 1339 2119 in
1354 2083 1495 2121 statim
1509 2083 1555 2122 in
1570 2084 1657 2124 this

168 2157 291 2183 sense
306 2144 342 2183 is
357 2144 459 2196 long
477 2161 485 2183 :
517 2145 601 2183 and
617 2159 657 2196 p.
679 2147 770 2192 391,
791 2147 841 2185 23
856 2146 924 2185 for
939 2153 1049 2185 stare
1063 2147 1108 2185 in
1123 2147 1198 2186 ‘the
1219 2161 1340 2187 sense
1356 2149 1400 2188 of
1418 2153 1631 2191 consistere
1644 2169 1658 2194 .-

170 2211 260 2250 also
274 2211 333 2262 by
349 2211 546 2251 Donatus
562 2225 606 2251 as
623 2212 717 2252 Ter.
736 2213 910 2252 Phorm.
931 2217 968 2253 5.
989 2217 1026 2253 3.
1049 2217 1073 2253 7
1092 2214 1159 2253 for
1172 2215 1262 2254 this
1282 2229 1404 2256 sense
1424 2218 1468 2256 of
1486 2222 1627 2259 statim
1645 2235 1658 2261 .·

170 2279 215 2317 in
256 2279 398 2318 which
442 2293 563 2318 sense
605 2280 659 2318 he
702 2280 792 2319 also
830 2285 965 2320 states
1002 2282 1078 2321 the
1115 2282 1210 2321 first
1246 2284 1428 2335 syllable
1465 2286 1501 2325 is
1538 2287 1651 2340 long.

170 2348 290 2396 siqua
312 2347 453 2385 omnia
472 2347 641 2387 Nonius
660 2348 705 2386 in
726 2348 830 2387 both
851 2349 1153 2400 places—diei
1173 2350 1345 2391 Servius
1366 2364 1423 2392 on
1444 2354 1588 2404 Georq.
1614 2360 1650 2396 1.

169 2415 413 2453 &og—1:24.
448 2415 518 2453 des
548 2417 581 2454 Β
609 2417 849 2456 122.-125.
883 2417 1040 2456 uedisse
1068 2417 1115 2457 B.
1177 2425 1297 2458 noctu
1316 2434 1359 2459 m
1381 2420 1509 2469 (Gud.
1546 2425 1658 2471 1).—

174 2482 260 2520 126.
296 2481 398 2520 Nisi
416 2483 512 2520 icem
532 2482 592 2530 M,
618 2482 720 2522 Nisi
747 2483 784 2522 si
810 2484 908 2522 item
935 2484 1195 2534 Lachmann,
1221 2487 1321 2526 Nisi
1339 2489 1479 2527 itidem
1507 2489 1540 2528 F
1543 2491 1651 2532 leck.

171 2548 257 2596 LG,
276 2548 360 2587 nisi
365 2549 534 2599 pridem
547 2550 644 2589 Leo.
679 2551 869 2603 Perhaps
881 2551 981 2591 Nisi
992 2558 1159 2593 noctem.
1193 2553 1241 2592 N
1244 2554 1296 2593 isi
1308 2555 1403 2595 item
1417 2557 1658 2599 verberatus

172 2628 302 2655 unam
316 2616 627 2669 Guyet.—127.
652 2619 778 2658 uincit
792 2632 848 2668 m,
867 2619 968 2659 uicit
983 2619 1199 2661 M.—129.
1226 2622 1394 2670 Quoted
1411 2626 1654 2678 (corruptly
