1839 3010
202 292 262 337 32
725 293 774 341 A
780 293 840 340 M
838 293 939 341 PH
935 294 968 341 I
968 294 1050 342 TE
1059 294 1150 342 VO.
1484 310 1685 359 [284—294

199 415 369 463 MERC.
442 416 543 464 Ain
591 434 721 476 vero,
771 418 1012 465 verbero}
1068 418 1184 466 deos
1238 436 1341 468 esse
1389 420 1463 468 tui
1511 420 1686 468 similis

464 499 643 560 putas?
1592 502 1685 548 130

199 592 289 640 ego
346 577 428 640 pol
485 584 535 625 te
581 578 689 626 istis
747 580 846 626 tuis
899 596 987 641 pro
1041 579 1184 627 dictis
1243 587 1293 627 et
1344 580 1470 628 male
1529 581 1683 640 fact-is,

465 657 676 718 furcifer,

88 757 179 797 (1:30)
199 738 432 800 accipiam
450 757 462 797 ;
497 739 643 786 morlo
680 739 744 786 sis
776 739 890 787 veni
925 739 1044 787 huc:
1084 740 1306 788 invenies
1341 741 1681 789 infortunium.

199 818 308 866 SOS.
381 819 481 867 Vbi
551 826 666 866 sunt
732 819 813 866 isti
880 827 1184 879 scortatores,
1247 822 1332 884 qui
1391 821 1482 869 soli
1538 821 1686 869 inviti

465 900 680 948 cubant?
1288 882 1629 914 ὼ

198 981 315 1028 haec
350 997 451 1028 nox
487 968 656 1028 scitast
692 981 963 1029 exercendo
1000 988 1159 1030 scorto
1199 982 1438 1031 conducto
1477 983 1614 1031 male.

198 1062 369 1109 MERO.
440 1062 585 1109 Meus
620 1068 761 1124 pater
795 1079 926 1110 nunc
961 1079 1050 1125 pro
1087 1062 1232 1111 huius
1266 1063 1430 1111 verbis
1464 1071 1597 1112 recte
1636 1069 1685 1112 et

465 1142 712 1205 sapienter
747 1142 877 1201 facit,
1592 1145 1682 1192 135

198 1223 283 1286 qui
329 1223 610 1286 complexus
652 1240 762 1271 cum
803 1223 1076 1272 Alcumena
1117 1225 1264 1273 cubat
1307 1242 1474 1273 amans
1522 1225 1686 1273 animo

464 1304 749 1367 obsequens.
1531 1292 1625 1307 ⁵⁶-

87 1401 178 1441 (135)
200 1385 309 1433 Sos.
382 1385 471 1433 Ibo
512 1392 570 1432 ut
606 1375 715 1433 erus
752 1385 885 1448 quod
926 1386 1189 1449 imperavit
1223 1387 1522 1435 Alcumenae
1565 1403 1687 1434 nun-

465 1466 599 1514 tiem„

199 1547 284 1596 sed
319 1547 428 1610 quis
469 1546 547 1594 hie
590 1554 664 1594 est
704 1547 864 1605 homo,
903 1564 1050 1610 quem
1087 1555 1202 1595 ante
1239 1547 1372 1596 aedis
1408 1547 1552 1595 video
1594 1547 1699 1596 hoc·

465 1627 657 1674 noctis?
704 1644 803 1675 non
840 1627 1011 1690 placet.

199 1710 370 1757 MERC.
444 1708 649 1756 Nullust
683 1708 775 1756 hoc
809 1708 1125 1756 meticulosus
1159 1725 1323 1772 aeque.
1388 1709 1499 1757 SOS.
1537 1709 1684 1767 Hem,

464 1789 533 1836 mi
568 1789 621 1836 in
656 1795 874 1837 mentem
910 1790 1061 1847 venit,

199 1872 297 1919 illic
330 1871 476 1918 homo
508 1870 635 1918 hodie
665 1870 755 1918 hoc
789 1870 849 1918 de
886 1887 1054 1918 umero
1080 1870 1185 1918 volt
1210 1870 1412 1934 pallium
1439 1871 1682 1919 detexere.

198 2016 257 2066 by
276 2014 445 2054 Nonius
465 2027 496 2053 s.
522 2027 562 2053 v.
589 2014 761 2052 invitare
780 2027 819 2065 p.
842 2015 931 2061 321,
961 2015 1173 2054 18.—130.
1207 2014 1298 2053 Ain
1316 2013 1377 2061 M,
1398 2013 1563 2065 rightly
1580 2013 1687 2065 kept

198 2083 256 2134 by
277 2082 448 2134 Ussing.
510 2081 601 2119 Ain
620 2099 656 2114 =
675 2080 784 2120 Azan
809 2081 846 2119 is
869 2094 895 2120 a
923 2071 1174 2131 dissyllable
1202 2081 1311 2120 with
1339 2080 1434 2120 first
1454 2081 1555 2133 long
1573 2081 1687 2120 infra

200 2151 235 2190 1.
263 2152 298 2190 1.
325 2151 413 2196 188,
438 2149 511 2187 As.
538 2150 575 2187 5.
600 2149 637 2187 2.
662 2150 727 2196 47,
753 2148 837 2187 and
857 2148 1098 2188 elsewhere.
1142 2150 1231 2187 Ain
1251 2154 1295 2187 ίυ,
1315 2148 1498 2196 Ritsehl,
1517 2147 1681 2197 Fleck„

199 2218 286 2257 LG.
330 2218 477 2256 Ainim
493 2216 714 2267 D2.—131.
729 2216 923 2267 fll'sfflsfffl'
938 2216 1208 2267 BD,fu9{fer
1226 2216 1428 2257 E.-132.
1452 2217 1509 2256 sis
1527 2230 1608 2256 om.
1627 2217 1680 2257 D.

198 2286 342 2326 —133.
376 2284 486 2323 soliti
520 2284 557 2323 E
576 2299 587 2331 3
635 2297 681 2323 so
718 2283 741 2323 Ι
778 2283 907 2323 think
945 2285 1062 2324 solito
1095 2284 1132 2323 is
1160 2297 1186 2323 a
1213 2284 1462 2336 corruption
1489 2284 1558 2324 for
1584 2285 1669 2324 solo

199 2354 325 2405 Prop.
353 2354 387 2391 1.
415 2353 476 2394 17.
502 2353 691 2392 3.-134,
726 2351 896 2399 Quoted
917 2352 975 2403 by
994 2352 1190 2391 Donatus
1209 2365 1265 2392 on
1284 2352 1379 2392 Ter.
1399 2352 1508 2392 Eun.
1531 2354 1570 2397 4.
1588 2354 1672 2392 2.-

202 2422 289 2461 138.
324 2420 416 2471 quis
445 2425 502 2458 est
530 2419 594 2459 laic
614 2419 663 2467 B,
687 2419 876 2471 Ussing:
907 2420 1000 2470 qui-s
1028 2419 1092 2458 hic
1121 2425 1178 2459 est
1205 2421 1459 2460 resa—139.
1492 2432 1612 2470 quem
1641 2420 1687 2459 in

200 2493 371 2528 mentem
393 2489 504 2526 uenit
524 2486 585 2535 M,
611 2487 715 2535 hem,
739 2487 798 2526 mi
818 2488 861 2526 in
880 2493 1054 2526 mentem
1073 2488 1185 2526 uenit
1205 2486 1416 2535 Ribbeck,
1435 2500 1460 2526 a
1473 2486 1687 2526 beautiful

200 2554 485 2594 emendation.
546 2553 607 2593 mi
630 2554 675 2593 in
698 2560 874 2593 mentem
900 2554 1009 2594 venit
1037 2554 1340 2594 Bothe-140.
1374 2554 1496 2594 hodie
1514 2567 1595 2594 om.
1619 2554 1681 2602 M,

201 2622 342 2663 added
370 2621 428 2674 by
448 2621 537 2671 LG,
562 2622 635 2662 hoc
666 2622 785 2661 homo
814 2622 856 2662 cl.
880 2635 920 2663 u.
948 2622 1063 2663 Cam.
1090 2622 1207 2671 Uss.‚
1231 2623 1351 2663 homo
1379 2621 1454 2662 hoc
1482 2621 1555 2662 hoc
1575 2623 1616 2662 d.
1640 2635 1681 2663 u.
