1839 3010
664 0 901 227 >a

229 307 290 352 98
527 242 655 369 ff
754 302 1074 351 AMPHITR
1083 301 1174 350 VO.
1506 316 1709 365 [952-960

513 380 551 413 A

227 430 268 477 is
303 429 423 477 adeo
459 429 719 492 inpransus
755 429 880 490 ipsus
913 426 1258 485 ludificabitur,

227 526 376 573 quom
423 526 512 573 ego
558 508 974 571 Amphitruonem
1021 507 1144 555 00110
1190 507 1304 554 hinc
1345 507 1579 555 obstricto
1615 515 1709 554 tra-

491 589 619 637 ham.

227 670 349 719 ALC.
422 670 609 717 Mirum
645 668 764 731 quid
801 668 930 716 solus
967 685 1129 716 seeum
1165 674 1348 715 secreto
1384 667 1466 715 ille
1503 675 1626 732 agat.

227 758 374 815 atque
409 750 698 814 aperiuntur
733 749 879 798 aedis.
953 749 1055 797 exit
1092 748 1240 797 Sosia.

469 983 663 1032 SOSIA
711 983 1033 1031 IVPPITER
1078 982 1461 1031 ALCVMENA
1564 982 1642 1029 III
1681 984 1708 1029 3

225 1114 334 1162 SOS.
407 1103 719 1176 Amphitruo,
755 1130 928 1160 assum.
991 1115 1032 1160 si
1068 1112 1186 1176 quid
1223 1129 1343 1175 opus
1379 1118 1467 1172 est,
1500 1115 1685 1174 impera
1697 1130 1708 1170 3

488 1194 748 1256 imperium
787 1198 1039 1256 exsequar.

223 1275 362 1322 IVPP.
434 1275 577 1333 Sosia,
618 1280 818 1337 optume
855 1273 1074 1321 advenis.
1151 1272 1261 1321 SOS.
1337 1272 1443 1320 Iam
1490 1289 1588 1336 pax
1635 1281 1709 1320 est

488 1355 617 1402 inter
651 1371 738 1402 vos
774 1354 933 1402 duos?

224 1452 336 1483 nam
372 1435 487 1498 quia
522 1452 608 1482 vos
644 1434 935 1498 tranquillos
967 1433 1125 1492 video,
1157 1433 1345 1497 gaudeo
1376 1440 1425 1482 et
1456 1434 1605 1496 volup
1634 1440 1707 1482 est

489 1515 621 1563 mihi.

221 1604 367 1659 atque
402 1596 474 1644 ita
509 1612 700 1644 servom
740 1612 829 1658 par
863 1594 1062 1643 videtur
1101 1594 1230 1657 frugi
1273 1611 1376 1642 sese
1416 1594 1705 1642 instituere:

220 1677 424 1740 proinde
461 1678 530 1725 eri
566 1683 623 1724 ut
660 1677 770 1735 sint,
811 1676 915 1738 ipse
951 1675 1071 1723 item
1114 1675 1177 1722 sit
1195 1694 1208 1735 3
1257 1675 1449 1724 voltum
1496 1691 1521 1722 e
1567 1675 1706 1722 voltu

486 1763 735 1820 comparet
756 1775 768 1816 3
1274 1735 1671 1807 WMM
1676 1759 1702 1802 5

220 1886 403 1929 M.—71.
444 1886 466 1925 Ι
497 1887 607 1925 have
639 1885 830 1924 inserted
863 1886 991 1935 ipsus,
1026 1885 1167 1924 which
1202 1898 1300 1935 may
1331 1885 1440 1924 have
1468 1884 1601 1924 fallen
1628 1890 1705 1925 out

218 1954 330 1993 after
362 1954 614 2004 impransus
694 1953 829 2002 lepide
865 1952 1152 2002 ludificabitur
1189 1952 1313 1992 Lind.
1356 1952 1443 1991 LG.
1515 1953 1698 2002 pulchre,

217 2022 350 2070 hodie,
373 2034 550 2071 prorsus
575 2021 636 2068 (L.
665 2019 710 2060 C.
735 2020 910 2068 Purser)
930 2018 1075 2068 before
1095 2019 1408 2069 Zuclificabitur,·
1434 2019 1572 2068 probe,
1597 2020 1704 2058 dolis

217 2088 328 2127 after
347 2089 383 2126 it
402 2088 511 2126 have
530 2087 637 2126 been
657 2086 881 2139 proposed.
942 2086 1029 2125 Leo
1049 2086 1194 2125 writes
1215 2099 1243 2124 α
1262 2086 1318 2124 M
1317 2086 1477 2125 ercurio
1496 2085 1564 2124 for
1582 2086 1696 2133 adeo,

215 2169 240 2194 a
258 2155 424 2194 violent
443 2155 617 2206 change.

765 2269 859 2308 Aer
887 2268 971 2307 III.
1008 2267 1072 2307 So.
1107 2269 1144 2308 3.

267 2366 360 2404 Acr
379 2364 464 2403 ΠΙ.
490 2364 554 2404 Sc.
583 2363 812 2404 3.—Sos1A
843 2363 1062 2402 IUPPITER
1090 2362 1348 2402 ALCUMENA
1374 2363 1410 2402 B
1434 2376 1514 2403 om.
1545 2364 1694 2403 D.—l.

212 2445 352 2471 assum
381 2432 510 2480 BDE,
534 2431 744 2483 probably
764 2431 839 2470 the
868 2431 1068 2469 Plautine
1097 2430 1233 2470 form:
1266 2444 1334 2470 see
1355 2431 1579 2470 Note—2.
1614 2431 1699 2470 Leo

211 2501 367 2539 inserts
397 2499 529 2538 Sosia.
605 2499 797 2550 Perhaps
835 2503 1000 2548 optume
1039 2499 1168 2546 (voc.)
1207 2510 1254 2537 or
1288 2504 1455 2548 optumo
1488 2498 1541 2537 cf.
1583 2501 1616 2538 1.
1658 2501 1693 2538 1.

215 2568 299 2606 122.
375 2567 496 2617 Cape.
530 2568 566 2606 4.
601 2568 636 2605 2.
674 2567 736 2606 56.
814 2565 1010 2612 Mueller,
1049 2565 1191 2604 whom
1229 2565 1304 2604 LG
1342 2565 1500 2613 follow,
1542 2566 1698 2605 inserts

198 2635 327 2683 sacta
354 2633 500 2674 before
523 2636 729 2685 pam—5.
766 2635 859 2672 item
891 2633 979 2683 ipse
1012 2632 1062 2681 B,
1099 2632 1245 2672 itidem
1281 2633 1396 2683 ipsus
1430 2633 1692 2673 Fleckeisen.
